2459 3967
219 188 368 246 Car.
396 183 568 263 X11.]
790 203 868 242 AB
911 204 1068 243 unns:
1113 202 1377 243 cormrm
1423 203 1599 243 unm.
2033 180 2164 247 105

219 347 415 405 sulum
445 346 591 405 alter
616 344 682 404 T.
700 345 1000 403 Lucretius
1026 351 1195 421 porta
1214 344 1275 403 Ν
1276 344 1421 402 aevia
1446 363 1576 403 cum
1607 344 1828 423 aliquot
1853 342 2164 423 manipulis
2184 350 2258 403 25

218 444 482 503 militum
523 460 813 520 egressus;
863 442 986 519 ipse
1019 440 1284 500 Valerius
1317 440 1498 499 Caelio
1530 448 1731 500 monte
1768 441 2034 500 cohortes
2071 442 2167 499 de-

219 542 400 601 lectas
435 524 660 599 educit:
704 540 880 617 hique
907 539 1083 618 primi
1111 558 1422 617 apparuere
1454 538 1625 598 hosti.
1698 538 2038 598 Herminius
2065 539 2167 599 ubi

219 638 546 721 tumultum
575 637 770 710 sensit,
795 636 1084 695 concurrit
1112 621 1181 695 ex
1208 636 1451 709 insidiis,
1473 637 1762 715 versisque
1788 637 1851 695 in
1869 636 2167 696 Valerium

222 735 490 796 Etruscis
523 741 688 813 terga
727 732 934 807 caedit3
977 733 1180 793 dextra
1209 734 1468 811 laevaque
1498 732 1637 793 hinc
1674 754 1711 792 a
1740 740 1911 812 porta
1942 733 2169 794 Collina

223 834 386 893 illinc
421 830 496 890 ab
527 830 731 889 Naevia
761 830 1024 889 redditus
1057 830 1198 889 clam
1207 849 1288 889 or.
1359 830 1451 889 Ita
1477 831 1612 891 caesi
1639 831 1701 889 in
1728 830 1923 889 medio
1950 831 2169 910 praeda-
2189 836 2265 889 30

225 938 399 1003 tores,
437 947 626 1009 neque
666 928 742 986 ad
782 946 1040 1005 pugnam
1073 926 1291 985 viribus
1330 946 1512 1006 parm,
1548 934 1608 987 et
1648 928 1723 987 ad
1753 929 1957 1007 fugam
1992 930 2169 1007 septis

226 1025 503 1087 omnibus
522 1024 665 1083 viis:
706 1022 953 1102 finisque
974 1022 1070 1083 ille
1089 1030 1211 1083 tam
1240 1024 1421 1085 effuse
1448 1024 1729 1104 evagandi
1750 1023 2007 1083 Etruscis
2034 1024 2165 1083 fuit.

281 1342 474 1397 regens
506 1342 558 1384 or
587 1342 640 1385 c,
763 1316 1009 1378 Obsidio
1043 1322 1164 1375 erat
1195 1315 1381 1376 nihilo
1412 1316 1605 1376 minus
1638 1325 1697 1377 et
1723 1319 2003 1379 frumenti
2036 1338 2168 1378 cum

229 1410 405 1454 1¹⁸³OE
421 1408 639 1453 &7⁰¹⁸-
686 1434 910 1473 summa
949 1414 1185 1473 caritate
1224 1412 1440 1492 inopia,
1476 1412 1842 1493 sedendoque
1883 1434 2170 1493 expugna-

231 1522 428 1575 turum
457 1532 519 1573 se
545 1512 750 1573 urbem
777 1531 940 1589 spem
956 1510 1216 1569 Porsena
1242 1510 1507 1584 habebat,
1532 1530 1664 1569 cum
1694 1510 1757 1571 G.
1774 1512 2017 1585 Mucius,
2036 1512 2171 1569 ado-

229 1613 452 1678 lescens
483 1609 714 1682 nobilis,
739 1608 834 1670 cui
866 1606 1173 1685 indignum
1201 1607 1503 1667 videbatur
1528 1608 1811 1687 populum
1840 1608 2167 1668 Romanum

231 1710 597 1780 servientem,
621 1724 756 1767 cum
788 1704 895 1764 sub
929 1704 1162 1783 regibus
1193 1712 1358 1778 esset,
1382 1705 1542 1764 nullo
1568 1705 1721 1765 bello
1755 1726 1859 1765 nec
1893 1707 1966 1766 ab
1991 1707 2169 1765 hosti·
2229 1710 2265 1762 5

228 1806 343 1865 bus
368 1804 504 1864 ullis
531 1802 826 1863 obsessum
857 1822 996 1874 esse,
1019 1801 1263 1861 liberum
1291 1802 1539 1861 eundem
1560 1801 1843 1882 populum
1870 1802 1942 1860 ab
1963 1802 2169 1860 iisdem

230 1900 493 1960 Etruscis
541 1898 810 1972 obsideri,
848 1900 1094 1977 quorum
1143 1917 1299 1977 saepe
1347 1899 1628 1957 exercitus
1676 1897 2169 1977 fuderit—itaque

230 2018 449 2077 magno
490 1997 807 2075 audacique
848 1996 1042 2073 aliquo
1083 1994 1338 2054 facinore
1380 2014 1507 2054 eam
1546 1995 1955 2073 indignitatem
1989 1995 2171 2053 vindi-

232 2094 480 2153 candam
507 2100 682 2167 ratuS,
706 2094 896 2171 primo
925 2112 1029 2151 sua
1055 2099 1264 2171 sponte
1290 2099 1587 2171 penetrare
1614 2093 1676 2151 in
1702 2092 1959 2152 hostium
1988 2099 2171 2151 castra

233 2191 577 2263 constituit3
621 2189 756 2249 dein
787 2196 1066 2260 metuens,
1091 2208 1180 2260 ne,
1205 2188 1255 2246 si
1288 2190 1585 2248 consulum
1616 2189 1839 2268 injussu
1872 2198 1931 2249 et
1957 2190 2171 2269 ignaris
2191 2191 2267 2243 10

233 2287 509 2347 omnibus
528 2286 655 2359 iret,
677 2286 832 2345 forte
861 2284 1249 2364 deprehensus
1274 2305 1311 2344 a
1342 2286 1677 2345 custodibus
1697 2286 1973 2346 Romanis
2000 2295 2172 2347 retra-

232 2386 470 2446 heretur
495 2392 564 2444 ut
595 2386 912 2462 transfuga,
937 2385 1176 2443 fortuna
1205 2392 1334 2443 tum
1369 2384 1526 2443 urbis
1564 2387 1779 2445 crimen
1813 2386 2167 2460 adfirmante,

236 2489 500 2542 senatum
543 2482 682 2541 adit:
769 2482 804 2510 “
818 2480 1085 2540 Transire
1117 2480 1373 2539 Tiberim
1390 2480 1423 2510 ’‘
1458 2483 1664 2561 inquit,
1696 2484 1731 2512 “
1750 2490 1955 2561 patres,
1988 2492 2047 2543 et
2086 2485 2171 2541 in-

234 2586 402 2653 trare,
427 2579 478 2637 si
509 2578 745 2657 possim,
770 2584 956 2636 castra
993 2577 1251 2636 hostium
1287 2577 1437 2650 v010,
1461 2598 1579 2637 non
1612 2568 1827 2657 praedO,
1851 2600 1957 2639 nec
1989 2599 2171 2658 popu-

235 2676 524 2735 lationum
566 2676 628 2733 in
661 2674 845 2734 vicem
879 2674 1065 2734 ultor:
1108 2674 1314 2752 majus,
1340 2675 1389 2733 si
1425 2675 1487 2733 di
1517 2676 1737 2752 juvant,
1760 2677 1821 2735 in
1855 2677 2049 2735 animo
2084 2684 2171 2735 est
2192 2679 2265 2732 15
2304 2690 2319 2709 “
2368 2713 2377 2723 -

233 2772 521 2833 facinus.”
602 2771 952 2851 Approbant
971 2778 1196 2850 patres:
1240 2770 1441 2829 abdito
1463 2771 1615 2830 intra
1632 2780 1849 2831 vestem
1870 2774 2022 2832 ferro
2043 2792 2173 2852 pro·

233 2869 528 2929 ficiscitur.
611 2868 736 2929 Ubi
776 2889 846 2927 eo
881 2870 1055 2942 venit,
1085 2870 1147 2927 in
1189 2868 1616 2927 confertissima
1653 2868 1825 2926 turba
1862 2888 2043 2947 prope
2089 2888 2173 2927 re-

233 2968 401 3046 gium
421 2966 674 3029 tribunal
701 2966 978 3025 constitit.
1049 2950 1142 3024 Ibi
1169 2984 1301 3024 cum
1332 2962 1685 3042 stipendium
1711 2963 1992 3022 militibus
2018 2966 2197 3023 forte·

235 3050 488 3135 daretur,
513 3068 572 3121 et
551 3030 820 3121 scriba
829 3082 960 3121 cum
1002 3082 1136 3140 rege
1177 3061 1382 3123 sedens
1416 3060 1546 3139 pari
1586 3059 1707 3117 fere
1751 3067 1954 3117 ornatu
1990 3058 2173 3117 multa
2234 3042 2247 3053 “

236 3166 464 3238 agerets
475 3178 606 3217 eum
627 3158 842 3217 milites
869 3158 1078 3241 vulgo
1071 3158 1313 3230 adirent,
1337 3158 1547 3216 timens
1576 3154 1865 3226 sciscitari,
1887 3162 2015 3215 uter
2034 3155 2173 3215 Por·
2191 3160 2268 3217 20

239 3276 376 3315 sena
402 3262 568 3327 esset,
591 3275 664 3313 ne
699 3256 1020 3333 ignorando
1055 3274 1249 3333 regem
1286 3261 1467 3335 semet
1498 3255 1623 3334 ipse
1658 3248 1903 3331 aperiret
1931 3252 2065 3341 quis'
2092 3273 2174 3312 es-

239 3360 344 3425 set,
382 3371 498 3429 quo
545 3359 761 3410 temere
808 3352 984 3410 traxit
1030 3352 1266 3410 fortuna
1313 3345 1555 3424 facium,
1594 3349 1835 3410 scribam
1884 3369 1991 3428 pro
2038 3370 2173 3430 rege

239 3448 562 3507 obtruncat.
635 3448 962 3506 Vadentem
986 3448 1139 3520 inde,
1166 3468 1281 3525 qua
1299 3468 1402 3525 per
1422 3449 1705 3527 trepidam
1728 3448 1957 3507 turbam
1980 3468 2174 3507 cruen-

238 3552 304 3603 to
337 3562 615 3602 mucrone
650 3543 763 3603 sibi
795 3544 918 3621 ipsc
945 3545 1161 3601 fecerat
1188 3544 1359 3615 viam,
1384 3564 1533 3616 cum,
1558 3564 1836 3602 concursu
1865 3546 1939 3601 ad
1967 3544 2174 3603 elamo-

238 3660 361 3712 rem
394 3640 572 3713 facte,
603 3640 1082 3718 comprehensum
1123 3639 1269 3715 regii
1314 3639 1583 3697 satellites
1626 3639 2007 3709 renuissent,
2038 3644 2172 3696 ante
2190 3641 2268 3692 25

239 3737 496 3801 tribunal
531 3736 685 3827 regis
725 3736 1053 3818 destitutus,
1075 3741 1204 3806 tum
1247 3752 1476 3825 quoque
1506 3734 1657 3807 inter
1687 3740 1878 3807 tantas
1916 3734 2171 3795 fortunae

1151 3830 1202 3888 E
1233 3836 1265 3897 2

1980 3914 2061 3927 κ
