2459 3967
317 182 402 247 98
1127 202 1244 241 τιτι
1286 202 1413 241 LIVI
1994 178 2146 258 [Lm
2172 184 2253 243 H.

319 343 558 417 sceleris,
576 363 691 421 quo
713 362 946 421 poenam
965 344 1158 403 meriti
1180 350 1397 403 essent:
1434 344 1578 416 illos,
1599 362 1669 402 eo
1690 344 2057 422 potissimum
2080 364 2254 418 anno,
2278 351 2355 403 25

316 442 564 519 patriam
584 441 900 513 liberatam,
925 448 1148 519 patrem
1169 442 1551 513 liberatorem,
1576 442 1937 499 consulatum
1967 448 2159 499 ortum
2182 462 2256 499 ex

318 537 494 595 domo
521 537 559 596 J
562 538 712 609 unia,
735 543 942 615 patres,
967 536 1211 614 plebem,
1245 537 1529 615 quidquid
1562 537 1801 595 deorum
1834 537 2255 616 hominumque

317 634 712 691 Romanorum
755 640 919 706 esset,
949 633 1241 692 induxisse
1283 635 1343 691 in
1385 634 1643 692 animum
1680 640 1747 691 ut
1785 633 2029 712 superbo
2074 654 2256 712 quon-

317 731 450 789 dam
481 731 619 808 regi,
642 737 770 789 tum
798 729 1012 789 infesto
1041 731 1239 803 exsuli,
1262 731 1586 809 proderent.
1658 730 1939 789 Consules
1966 731 2027 789 in
2056 731 2253 789 sedem

317 848 638 906 processere
667 847 846 900 suam,
870 827 1143 906 missique
1170 828 1401 886 lictores
1429 827 1502 885 ad
1532 828 1874 885 sumendum
1902 828 2253 905 supplicium
2276 836 2356 888 30

317 926 566 985 nudatos
609 924 785 1003 virgis
826 924 1059 983 caedunt
1101 926 1395 1003 securique
1440 924 1672 996 feriunt,
1706 944 1839 982 cum
1884 926 2035 983 inter
2076 945 2253 984 omne

318 1031 547 1102 tempus
575 1030 738 1101 pater
757 1022 1062 1099 vultusque
1091 1028 1148 1079 et
1177 1041 1243 1079 os
1271 1021 1397 1098 ejus
1424 1021 1747 1099 spectaculo
1776 1027 1939 1093 esset,
1960 1022 2255 1081 eminente

319 1120 510 1177 animo
539 1119 726 1197 patrio
759 1118 908 1175 inter
939 1117 1186 1195 publicae
1214 1136 1405 1195 poenae
1438 1116 1836 1175 ministerium.
1920 1116 2253 1175 Secundum

318 1235 548 1293 poenam
585 1216 932 1286 nocentium,
963 1222 1030 1274 ut
1060 1215 1122 1271 in
1155 1222 1457 1292 utramque
1485 1221 1709 1291 partem
1742 1213 2000 1272 arcendis
2033 1215 2255 1273 sceleri-

317 1312 426 1370 bus
453 1312 776 1387 exemplum
807 1312 998 1369 nobile
1027 1317 1189 1384 esset,
1209 1312 1515 1389 praemium
1542 1311 1724 1369 indici
1748 1312 1992 1389 pecunia
2017 1331 2087 1370 ex
2116 1331 2253 1371 aera-
2273 1318 2353 1370 35

318 1410 421 1480 rie,
450 1407 684 1465 libertas
725 1414 785 1465 et
825 1408 1025 1465 civitas
1065 1408 1214 1493 data,
1302 1408 1405 1467 Ille
1445 1409 1699 1486 primum
1742 1408 1956 1467 dicitur
1995 1408 2255 1467 vindicta

318 1505 603 1563 liberatae.
690 1503 939 1574 Quidam
968 1504 1241 1563 vindictae
1277 1525 1505 1583 quoque
1532 1524 1747 1563 nomen
1773 1511 2021 1563 tractum
2050 1504 2123 1563 ab
2152 1505 2252 1563 illo

316 1608 554 1679 putant3
585 1601 860 1660 Vindicio
883 1601 995 1678 ipsi
1023 1621 1235 1659 nomen
1257 1602 1449 1660 fuisse.
1516 1602 1661 1660 Post
1680 1601 1843 1659 illum
1867 1602 2250 1675 observatum,

319 1704 400 1772 ut,
427 1699 526 1777 qui
553 1698 636 1757 ita
661 1698 887 1757 liberati
915 1705 1119 1771 essent,
1145 1699 1205 1755 in
1234 1700 1523 1757 civitatem
1554 1699 1775 1777 accepti
1802 1699 2147 1757 viderentur.

1233 1878 1337 1939 VI.

367 2028 572 2080 Tarquin
614 2037 720 2079 gap.
840 1993 968 2065 His,
991 1993 1139 2051 sicut
1167 2000 1295 2051 acta
1322 1998 1499 2066 erant,
1518 1993 1815 2066 nuntiatis,
1836 1992 2100 2053 incensus
2118 1994 2254 2053 Tar-

317 2096 507 2147 plicatos
534 2096 612 2137 the
643 2094 719 2136 aid
763 2091 991 2169 quinius
1017 2109 1136 2147 non
1165 2090 1363 2148 dolore
1392 2090 1576 2147 solum
1604 2097 1783 2148 tantae
1814 2091 1888 2148 ad
1909 2090 2135 2150 irritum
2164 2112 2253 2149 ca-

319 2161 371 2201 of
379 2162 454 2201 the
463 2160 714 2202 Etruriamn.
904 2188 915 2199 .
1096 2187 1108 2199 .
1361 2187 1372 2199 .
1598 2186 1609 2199 .
1698 2188 1710 2199 .

318 2227 476 2267 -The
503 2226 719 2268 Veientes
761 2186 949 2245 dentis
991 2206 1130 2263 spe1,
1163 2187 1265 2244 sed
1298 2194 1471 2244 etlam
1515 2186 1652 2244 odio
1694 2206 1906 2264 iraque,
1938 2194 2253 2265 postquam

319 2292 411 2334 and
422 2290 719 2342 Tarquinien·
760 2281 895 2339 dolo
929 2282 1081 2340 viam
1121 2283 1420 2360 obseptam
1452 2284 1617 2356 vidit,
1647 2283 1861 2341 bellum
1901 2292 2095 2361 aperte
2128 2304 2254 2342 mo-

318 2359 719 2466 ῗξεζῗξῖζῗδῗὲἓ
758 2377 1014 2436 liendum
1032 2386 1188 2437 ratus
1211 2380 1507 2438 circumire
1530 2380 1769 2457 supplex
1788 2381 2033 2439 Etruriae
2052 2380 2248 2455 urbes3

318 2492 719 2533 Batus-Brutus
761 2492 920 2531 orare
963 2476 1212 2533 maxime
1255 2476 1529 2535 Veientes
1569 2476 2139 2555 Tarquiniensesque,
2174 2497 2251 2536 ne

318 2558 522 2671 ἓξὲὴᾼζὶ
517 2569 604 2669 ⁰1:¹2
618 2558 721 2668 3¹⁸3
762 2588 822 2627 se
867 2577 1075 2644 ortum,
1107 2572 1367 2649 ejusdem
1409 2574 1721 2651 sanguinis,
1756 2581 2040 2631 extorrem
2082 2594 2253 2652 egen-

318 2696 415 2737 -rhe
455 2696 720 2737 Romans
759 2672 880 2723 tem
917 2686 988 2724 ex
1023 2674 1189 2725 tanto
1227 2669 1406 2727 modo
1440 2689 1635 2747 regn0,
1668 2690 1799 2728 cum
1834 2671 2029 2729 liberis
2062 2670 2253 2729 adole-

317 2764 542 2873 {2213}
542 2762 723 2881 81⁷3}ss
763 2764 1051 2822 scentibus
1106 2772 1241 2823 ante
1296 2766 1495 2824 oculos
1550 2787 1684 2825 suos
1737 2768 1922 2845 perire
1979 2769 2247 2825 sinerent.

2432 2242 2434 2319 l

2318 2385 2359 2437 ⁵
2432 2324 2434 2463 l

317 2898 469 2940 ienses
507 2896 719 2949 compel
763 2860 928 2918 Alios
959 2881 1196 2940 peregre
1237 2864 1301 2920 in
1340 2883 1583 2941 regnum
1616 2864 1863 2922 Romam
1898 2866 2143 2923 accitos:
2187 2870 2359 2925 selo

317 2966 397 3045 tlfe
430 2966 635 3009 Romans
670 2968 720 3006 to
760 2976 970 3036 regem,
996 2966 1303 3036 augentem
1332 2959 1481 3017 bello
1508 2960 1837 3019 Romanum
1866 2961 2190 3038 imperium,
2217 2982 2253 3019 a

316 3045 422 3086 “m
440 3045 556 3085 my·
760 3055 1040 3133 proximis
1069 3056 1339 3113 scelerata
1371 3057 1767 3134 conjuratione
1801 3057 2047 3134 pulsum.
2132 3058 2253 3115 Eos

315 3155 468 3214 inter
494 3175 569 3227 se,
596 3154 730 3233 quia
757 3172 927 3211 nemo
957 3171 1104 3209 unus
1137 3154 1275 3210 satis
1304 3154 1514 3231 dignus
1546 3172 1726 3231 regno
1754 3155 1909 3211 visus
1943 3155 2033 3225 sit,
2059 3160 2253 3231 partes

318 3252 480 3328 regni
507 3252 793 3327 rapuisse3
836 3250 990 3306 bona
1017 3268 1119 3306 sua
1147 3249 1471 3327 diripienda
1498 3250 1717 3328 populo
1751 3250 1991 3323 dedisse,
2014 3271 2087 3309 ne
2122 3252 2253 3329 quis

319 3366 518 3422 expers
547 3348 770 3403 sceleris
799 3352 960 3404 esset.
1028 3346 1283 3404 Patriam
1315 3367 1373 3406 se
1402 3367 1757 3425 regnumque
1786 3368 1952 3406 suum
1975 3355 2249 3426 repetere,
2274 3354 2303 3405 1
2320 3357 2353 3407 5

319 3446 379 3497 et
404 3440 668 3515 persequi
695 3442 952 3515 ingratos
980 3442 1129 3498 cives
1159 3443 1315 3500 velle.
1402 3442 1636 3501 Ferrent
1665 3464 1851 3521 opem,
1878 3444 2250 3522 adjuvarent3

321 3554 449 3591 suas
478 3552 705 3610 quoque
727 3542 942 3591 veteres
969 3536 1206 3612 injurias
1235 3538 1419 3596 ultum
1450 3540 1615 3610 irent,
1639 3541 1855 3598 totiens
1882 3560 2057 3599 caesas
2077 3541 2255 3620 legio-

320 3648 436 3699 nes,
461 3646 661 3703 agmm
690 3628 1038 3704 ademptum.
1111 3632 1259 3690 Haec
1286 3641 1589 3692 moverunt
1610 3636 1918 3707 Veiente83
1962 3657 2027 3696 ac
2057 3658 2163 3717 pro
2192 3660 2254 3698 se

323 3723 562 3798 quisque
582 3722 846 3779 Romano
875 3723 1075 3781 saltem
1103 3726 1248 3786 duce
1276 3730 1625 3806 ignominias
1651 3731 1963 3792 demendas
1982 3734 2255 3814 belloque
