2459 3967
245 207 394 265 CAP.
423 204 588 285 VIL]
815 226 892 265 AB
935 226 1090 265 URBE
1136 224 1399 265 commu
1443 226 1616 265 unm.
2099 201 2182 273 33

1143 448 1281 509 VII.

297 624 492 677 Quartel
576 622 654 665 be-
782 561 972 621 Priori
1013 562 1200 622 Remo
1242 562 1547 641 augurium
1586 562 1813 624 venisse
1846 565 2048 639 fertur,
2084 586 2183 625 sex

244 682 398 733 t'ween
429 689 654 733 Romulus
704 659 989 734 vultures3
1030 660 1265 738 jamque
1306 661 1573 721 nuntiato
1622 662 1863 741 augurio
1906 682 2037 723 cum
2080 664 2184 723 du-

246 758 342 799 and
396 756 582 800 Remus.
602 781 654 791 -
703 757 834 836 plex
860 777 1132 817 numerus
1151 757 1403 816 Romulo
1432 778 1554 817 sese
1582 760 1942 833 ostendisset,
1966 768 2184 821 utrum·

245 824 420 942 {522¹}
448 824 651 935 {2023ss
703 874 815 933 que
887 874 1082 934 regem
1151 875 1255 913 sua
1320 855 1637 914 multitudo
1707 848 2178 919 consalutaverat.

245 958 410 999 -The
434 969 538 1001 new
558 958 652 1011 city
702 950 987 1031 Tempore
1027 951 1112 1011 illi
1153 960 1465 1037 praeceth
1500 960 1562 1011 at
1602 953 1666 1011 hi
1706 973 1947 1013 numero
1989 957 2181 1014 avium
2243 964 2278 1015 5

245 1025 367 1133 ἓξὲξ
378 1025 447 1133 {2
460 1025 653 1134 soffia?
703 1068 946 1131 regnum
999 1048 1322 1108 trahebant.
1418 1049 1565 1109 Inde
1625 1070 1759 1109 cum
1814 1051 2184 1112 altercatione

244 1158 484 1201 Romulus.
505 1183 558 1193 -
572 1159 655 1201 Le-
705 1147 994 1224 congressi
1041 1147 1354 1205 certamine
1406 1147 1621 1207 irarum
1674 1149 1749 1207 ad
1774 1148 2017 1207 caedem
2064 1168 2187 1208 ver-

244 1225 654 1344 ᾗξῗᾶοζέυξθὶᾙ
702 1250 919 1302 tantur.
1022 1242 1113 1302 Ibi
1161 1244 1224 1302 in
1268 1243 1441 1303 turba
1492 1246 1643 1303 ictus
1681 1244 1899 1303 Remus
1952 1246 2179 1318 cecidit,

244 1359 474 1402 Evander.
499 1378 550 1387 —-
569 1358 652 1402 Le-
702 1339 1012 1419 Vulgatior
1049 1341 1208 1399 fama
1256 1348 1345 1400 est
1392 1341 1643 1400 ludibrio
1692 1342 1891 1401 fratris
1930 1342 2183 1401 Remum

244 1427 651 1537 ξῗὲᾛᾶἑῗζέἰῖ
700 1458 883 1497 novos
922 1438 1275 1498 transiluisse
1318 1458 1547 1511 muros;
1590 1439 1727 1498 inde
1767 1440 1840 1497 ab
1881 1440 2029 1499 irato
2071 1440 2187 1498 Ro·
2204 1442 2279 1495 10

699 1534 878 1609 mu10,
937 1555 1072 1595 cum
1118 1536 1309 1594 verbis
1357 1554 1589 1614 quoque
1633 1537 1985 1627 increpitans
2032 1536 2185 1615 adje-

244 1633 420 1691 cisset
453 1632 488 1661 “
507 1632 588 1691 sic
620 1631 828 1691 deinde
868 1632 1216 1711 quicumque
1253 1632 1399 1690 alius
1434 1632 1717 1691 transiliet
1746 1634 1965 1692 moenia
1999 1616 2183 1705 mea-,b

243 1730 633 1790 interfectum.
717 1729 810 1791 Ita
851 1729 1006 1789 solus
1045 1732 1271 1808 potitus
1312 1731 1557 1811 imperio
1594 1730 1909 1805 Romulus3
1952 1732 2187 1790 condita

243 1828 384 1887 urbs
411 1827 728 1886 conditoris
753 1828 991 1886 nomine
1020 1828 1322 1905 appellata.

325 1924 618 1983 Palatium
651 1925 920 2003 primum,
951 1926 1014 1983 in
1043 1944 1158 2004 quo
1186 1926 1311 2003 ipse
1345 1929 1465 1983 erat
1494 1924 1783 1997 educatus,
1814 1924 2060 1996 muniit;
2104 1944 2187 1983 sa·
2207 1933 2281 1985 15

244 2042 344 2081 cra
376 2021 490 2080 diis
521 2022 647 2081 aliis
673 2022 905 2080 Albano
938 2022 1070 2093 ritu,
1094 2022 1300 2080 Graeco
1328 2022 1583 2094 Herculi,
1613 2028 1680 2079 ut
1708 2022 1779 2079 ab
1808 2020 2076 2079 Evandro
2103 2022 2187 2079 in-

163 2180 172 2191 ,
235 2120 454 2178 -stituta
500 2126 678 2192 erant,
708 2120 867 2178 facit.
951 2118 1265 2177 Herculem
1313 2120 1373 2176 in
1400 2120 1491 2176 'ea
1529 2118 1671 2193 loca,
1702 2118 1968 2197 Geryone
2014 2120 2187 2178 inter·

246 2224 466 2295 empt0,
496 2216 674 2275 boves
703 2202 850 2273 mira
891 2216 1079 2293 specie
1118 2215 1377 2293 abegisse
1400 2223 1748 2308 Q,
1779 2235 1845 2277 ac
1878 2236 2059 2295 prope
2092 2218 2186 2276 Ti-

218 2314 431 2392 ,berim
465 2312 724 2386 fluvium,
742 2332 869 2409 gua
900 2330 1020 2391 pree
1055 2331 1114 2369 se
1149 2319 1470 2371 armentum
1512 2332 1687 2390 agens
1727 2314 1921 2372 nando
1952 2314 2188 2391 trajece-

247 2419 356 2483 rat,
385 2411 512 2469 loco
544 2409 804 2482 herbido,
841 2417 908 2468 ut
949 2410 1140 2487 quiete
1181 2416 1242 2467 et
1282 2408 1494 2486 pabulo
1527 2411 1664 2468 laeto
1705 2410 1958 2469 reficeret
1990 2410 2182 2485 boves,
2205 2424 2282 2477 20

248 2515 308 2566 et
341 2508 533 2585 ipsum
565 2508 784 2565 fessum
812 2508 906 2565 via
937 2505 1325 2599 procubuisse}
1410 2505 1500 2564 Ibi
1535 2526 1666 2565 cum
1702 2526 1834 2567 eum
1868 2508 1999 2566 cibo
2029 2510 2188 2567 vino-

247 2624 362 2683 que
406 2611 706 2687 gravatum
751 2624 926 2682 sopor
969 2604 1362 2681 oppressisset,
1406 2610 1603 2682 pastor
1646 2604 1840 2662 accola
1886 2604 2011 2681 ejus
2054 2606 2183 2678 loci,

248 2703 486 2760 nomine
533 2701 734 2774 Cacus,
772 2702 948 2781 Q
985 2701 1218 2773 viribuS‚
1264 2708 1465 2778 captus
1512 2700 1939 2777 pulchritudine
1988 2702 2184 2774 boum,

251 2818 384 2858 cum
419 2805 670 2857 avertere
703 2818 828 2857 eam
861 2798 1117 2876 praedam
1149 2797 1332 2869 vellet,
1360 2797 1508 2875 quia,
1534 2797 1583 2855 si
1610 2798 1833 2874 agendo
1862 2806 2185 2857 armentum

249 2897 312 2955 in
341 2895 672 2973 speluncam
699 2895 1084 2973 compulisset,
1106 2895 1230 2971 ipsa
1250 2888 1493 2970 vestigia
1510 2902 1861 2971 quaerentem
1883 2895 2184 2953 dominum
2205 2902 2281 2954 25

249 3016 320 3054 eo
363 2995 682 3053 deductura
721 3001 897 3067 erant,
928 3014 1153 3053 aversos
1193 2994 1387 3063 boves,
1420 2993 1695 3050 eximium
1739 3012 2023 3071 quemque
2064 2996 2188 3071 pul-

248 3092 595 3164 chritudine,
619 3092 814 3151 caudis
841 3092 900 3149 in
931 3091 1259 3169 speluncam
1282 3089 1470 3147 traxit.
1488 3085 1511 3176 ,l
1523 3080 1531 3092 ”
1549 3088 1826 3147 Hercules
1846 3089 1921 3146 ad
1940 3089 2187 3165 primam

249 3208 512 3249 auroram
551 3207 757 3247 somno
787 3188 1021 3260 excituS‚
1053 3206 1184 3246 cum
1218 3205 1454 3265 gregem
1488 3181 1883 3263 perlustrasset
1916 3185 2096 3244 oculis
2128 3194 2188 3247 et

249 3292 474 3365 partem
517 3284 712 3344 abesse
753 3304 992 3344 numero
1037 3285 1320 3356 sensisset,
1353 3282 1544 3361 pergit
1586 3282 1659 3340 ad
1699 3282 2022 3360 proximam
2064 3305 2189 3364 spe-

250 3383 496 3454 luncam,
529 3382 578 3439 si
610 3382 764 3439 forte
798 3401 864 3440 eo
899 3382 1140 3459 vestigia
1172 3382 1405 3439 ferrent.
1490 3379 1633 3449 Qum
1668 3379 1769 3437 ubi
1804 3381 2000 3440 omnia
2030 3381 2186 3440 foras
2208 3390 2281 3443 30

252 3499 411 3537 versa
439 3479 604 3550 vidit,
639 3497 744 3537 nec
771 3478 832 3536 in
861 3485 1082 3556 partem
1117 3478 1286 3535 aliam
1314 3478 1478 3549 ferre,
1510 3478 1783 3535 confusus
1810 3485 1984 3556 atque
2010 3479 2187 3535 incer-

253 3582 344 3633 tus
391 3575 574 3633 animi
623 3594 692 3633 ex
735 3575 864 3633 loco
905 3575 1118 3631 infesto
1160 3592 1326 3649 agere
1366 3592 1539 3650 porro
1581 3580 1899 3631 armentum
1945 3573 2182 3647 occepit.

253 3671 395 3731 Inde
430 3682 564 3731 cum
598 3678 742 3731 actae
773 3670 952 3729 boves
985 3668 1250 3747 quaedam
1284 3667 1358 3725 ad
1386 3668 1748 3738 desiderium,
1772 3674 1839 3722 ut
1866 3666 1947 3733 fit,
1972 3666 2187 3720 relicta-

254 3788 379 3829 rum
421 3769 760 3848 mugissent,
795 3767 1020 3839 reddita
1058 3764 1403 3822 inclusarum
1446 3782 1514 3821 ex
1558 3762 1827 3838 spelunca
1861 3758 2036 3815 boum
2074 3770 2185 3818 vox

1160 3860 1214 3916 Β
1246 3866 1278 3915 2
