2459 3967
326 193 455 256 214
1148 209 1264 247 τιτι
1305 208 1431 247 mvl
1918 184 2068 263 [Lm.
2091 188 2264 246 XXL

324 353 505 431 ponio
538 351 729 430 legato
764 371 895 409 cum
930 350 1138 428 viginti
1173 349 1426 428 quinque
1459 348 1650 426 longis
1683 347 1925 406 navibus
1946 348 2268 408 Vibonien-
2428 417 2429 420 Ἴ

326 469 447 508 sem
490 468 692 526 agrum
734 447 1198 524 maritimamque
1242 466 1401 504 oram
1435 446 1620 504 Italiae
1661 446 1938 504 tuendam
1979 447 2262 518 attribuit,
2288 457 2365 506 25

326 547 403 604 M.
436 546 678 603 AEmilio
713 545 949 622 praetori
984 544 1404 621 quinquaginta
1445 543 1678 600 navium
1713 542 1950 600 classem
1993 543 2262 620 explevit.

326 643 475 720 Ipse,
506 641 845 719 compositis
886 640 1097 714 Siciliae
1140 641 1326 712 rebuS,
1351 641 1551 698 decem
1591 639 1835 697 navibus
1875 659 2035 697 oram
2078 640 2266 698 Italiae

327 742 521 818 legens
560 739 893 798 Ariminum
934 739 1211 816 pervenit.
1305 738 1450 796 Inde
1497 757 1632 796 cum
1680 737 1934 796 exercitu
1981 757 2088 796 suo
2136 756 2271 817 pro—

326 838 513 896 fectus
544 837 621 894 ad
652 835 919 894 Trebiam
951 834 1167 893 flumen
1202 835 1439 912 collegae
1473 832 1864 911 conjungitur.
2291 834 2296 837 ’

276 1076 291 1155 ε
1229 1012 1354 1072 LII.

376 1180 492 1221 The
535 1181 726 1230 country
845 1129 979 1188 Jam
1020 1127 1191 1186 ambo
1243 1128 1520 1201 consuleS‚
1557 1134 1616 1186 et
1657 1128 1942 1206 quidquid
1981 1127 2274 1186 Romana.

325 1246 593 1287 between
627 1246 725 1287 the
767 1247 897 1284 rum
916 1227 1124 1284 virium
1154 1233 1292 1298 erat,
1313 1225 1631 1283 Hannibali
1660 1225 2011 1302 oppositum,
2033 1232 2134 1283 aut
2154 1225 2272 1283 illis

326 1312 726 1422 ξῗῑέῑξὴῗζῑηῑξὲ
768 1325 951 1401 copiis
984 1323 1221 1381 defendi
1253 1342 1422 1400 posse
1457 1321 1785 1380 Romanum
1819 1323 2128 1400 imperium
2167 1330 2274 1381 aut

324 1446 385 1497 by
408 1447 601 1496 sauls,
624 1447 726 1488 who
768 1440 929 1498 spem
964 1420 1179 1478 nullam
1214 1419 1383 1478 aliam
1419 1439 1538 1478 esse
1573 1419 1711 1477 satis
1739 1417 2076 1477 declarabat.
2162 1419 2274 1476 Ta-

324 1513 729 1622 ῗῃίξῑῃεξέἑῖτῒῐ
769 1537 902 1575 men
944 1517 1143 1575 consul
1176 1517 1336 1590 alter,
1367 1517 1618 1595 equestri
1649 1517 1856 1596 proelio
1897 1535 2015 1574 uno
2058 1523 2118 1574 et
2151 1517 2275 1574 vul-
2335 1522 2367 1573 5

326 1648 444 1689 until
466 1659 555 1690 one
580 1648 633 1688 or
652 1649 727 1689 the
770 1634 904 1673 nere
954 1635 1058 1672 suo
1100 1607 1450 1686 deminutuS,
1485 1613 1638 1671 trahi
1679 1633 1800 1670 rem
1848 1612 2135 1671 malebat:
2187 1634 2276 1672 re-

326 1715 497 1767 parties
526 1713 728 1792 511011131
770 1712 950 1770 centis
983 1712 1163 1770 animi
1190 1711 1348 1784 alter,
1381 1731 1562 1791 eoque
1590 1711 1854 1783 ferocior,
1885 1711 2100 1768 nullam
2131 1711 2275 1770 dila-

326 1785 728 1898 ξζζνίἕῐὲζξῇἑὶ
770 1811 991 1868 tionem
1032 1809 1372 1887 patiebatur.
1459 1809 1633 1879 Quod
1672 1809 1824 1866 inter
1856 1807 2123 1866 Trebiam
2161 1809 2276 1866 Pa-

326 1917 534 1958 irritated
553 1915 725 1965 atthis,
771 1907 1025 1985 dumque
1058 1906 1179 1984 agri
1209 1914 1311 1979 est,
1335 1906 1487 1964 Galli
1514 1914 1644 1965 tum
1673 1906 2033 1979 incolebant3
2077 1908 2139 1964 in
2169 1908 2276 1965 du-

328 1983 421 2024 and
446 1983 494 2023 in
522 1982 654 2023 order
680 1986 729 2021 to
1290 2003 1302 2016 .
2035 2004 2046 2017 .
2428 1975 2429 1984 ¹

327 2051 483 2092 main
498 2050 626 2091 tain
658 2049 729 2089 his
772 2024 935 2062 orum
959 2011 1408 2081 praepotentium
1437 2003 1785 2082 populorum
1815 2010 2142 2076 certamine,
2169 2025 2276 2082 per
2297 2009 2368 2062 10

329 2120 537 2168 troops
562 2116 624 2166 by
650 2116 729 2156 the
770 2100 1105 2178 ambiguum
1133 2101 1411 2172 favorem,
1435 2100 1594 2159 haud
1621 2102 1796 2160 dubie
1821 2104 2063 2181 gratiam
2095 2105 2278 2162 victo-

328 2183 472 2290 22th
484 2181 732 2290 (ἔζέὀέἓζῗ
773 2199 851 2256 ris
880 2203 1215 2274 spectantes
1289 2197 1362 2254 Id
1382 2197 1647 2271 Romani,
1671 2200 1850 2258 modo
1879 2220 1951 2258 ne
1981 2201 2122 2279 quid
2151 2220 2277 2259 mo·

329 2313 566 2364 try.-'rhe
588 2313 729 2355 Gaulo
772 2296 975 2366 verint,
1007 2313 1175 2372 aequo
1204 2295 1358 2366 satiS,
1383 2294 1600 2353 Poenus
1628 2297 1931 2375 periniquo
1965 2298 2162 2354 animo
2191 2299 2277 2356 fe-

330 2381 468 2488 ἓξὲζ
483 2380 733 2488 ξζτὼξὶἕῗ
774 2392 951 2463 rebat,
984 2391 1055 2448 ab
1089 2391 1270 2448 Gallis
1301 2393 1548 2450 accitum
1585 2413 1646 2452 se
1673 2395 1892 2452 venisse
1926 2395 1999 2453 ad
2031 2394 2277 2454 liberan-

332 2514 734 2565 Sempronius
777 2489 881 2546 dos
910 2507 1007 2548 eos
1029 2487 1316 2546 dictitans,
1389 2488 1482 2547 Ob
1511 2509 1636 2548 eam
1665 2491 1826 2564 iram,
1851 2493 2021 2551 simul
2045 2501 2110 2552 ut
2130 2515 2276 2572 prae-
2297 2497 2368 2548 15
2428 2507 2429 2510 ’

330 2581 734 2700 ῗὲἶῖἰῖἒοῑᾶἱίζθ
776 2584 851 2641 da
880 2585 1124 2642 militem
1158 2584 1349 2657 aleret,
1382 2585 1498 2644 duo
1535 2587 1694 2645 milia
1726 2589 1988 2668 peditum
2024 2597 2083 2648 et
2115 2592 2276 2650 mille
2427 2533 2430 2606 Ι

331 2717 435 2756 -Α
468 2715 612 2756 battle
648 2725 733 2756 en·
777 2681 1014 2758 equiteS,
1052 2681 1336 2740 Numidas
1377 2683 1696 2762 plerosque,
1734 2687 1948 2752 mixtos
1991 2688 2274 2764 quosdam
2427 2703 2429 2744 1

332 2783 597 2902 iglisetgilbtg
616 2782 733 2890 ἓξὲξ
776 2785 833 2836 et
861 2778 1072 2851 Gallos,
1101 2779 1366 2856 populari
1395 2799 1627 2838 omnem
1658 2782 1926 2860 deinceps
1953 2803 2155 2860 agrum
2187 2805 2278 2842 us·
2428 2745 2429 2784 ¹

333 2919 444 2969 sive,
463 2918 636 2968 though
654 2917 733 2958 the
776 2895 886 2952 que
920 2875 995 2933 ad
1027 2875 1175 2933 Padi
1210 2877 1362 2954 ripas
1395 2877 1579 2954 jussit.
1665 2879 1917 2956 Egentes
1959 2899 2069 2958 ope
2102 2881 2272 2953 Galli,

332 2987 455 3028 fame
482 2987 532 3026 of
548 2986 625 3026 the
642 2985 735 3026 vic-
777 2992 907 3031 cum
944 2973 1019 3032 ad
1045 2973 1109 3031 id
1136 2974 1346 3032 dubios
1381 2983 1695 3033 servassent
1723 2977 1962 3049 animoa,
1988 2979 2172 3035 eoacti
2201 2978 2274 3036 ab
2295 2983 2367 3034 20

332 3057 735 3164 aeffhwaeemgffi
776 3070 1105 3128 auctoribus
1146 3071 1374 3148 injuriae
1423 3071 1497 3128 ad
1537 3071 1794 3130 vindices
1835 3073 2064 3131 futuros
2106 3074 2277 3133 decli-

332 3199 465 3230 mans
504 3187 616 3228 thau
655 3185 733 3226 the
775 3173 949 3240 nant3
991 3167 1310 3244 legatisque
1342 3167 1418 3225 ad
1445 3168 1740 3227 consulem
1766 3170 1972 3242 missia,
1997 3171 2275 3230 auxilium

334 3265 509 3305 enemy.
776 3263 1171 3322 Romanorum
1198 3271 1383 3337 terrae,
1409 3265 1484 3322 ob
1512 3266 1751 3324 nimiam
1786 3267 2068 3326 cultorum
2099 3267 2276 3326 fidem

337 3359 397 3413 in
424 3358 718 3417 Romanos
753 3360 1052 3432 laboranti,
1080 3368 1259 3420 orant.
1354 3362 1621 3420 Cornelio
1655 3383 1760 3422 nec
1789 3384 1974 3438 causa,
1999 3385 2104 3424 nec
2133 3372 2278 3424 tem·

336 3469 445 3524 pus
478 3453 715 3525 agendae
744 3456 825 3512 rei
854 3457 1149 3532 placebat3
1193 3465 1570 3535 suspectaque
1605 3460 1658 3517 ei
1690 3480 1832 3538 gens
1867 3469 2003 3535 erat,
2029 3483 2162 3520 cum
2197 3463 2272 3521 ob
2293 3469 2362 3520 25

337 3542 516 3598 infida
542 3545 725 3602 multa
751 3549 1023 3623 facinora,
1043 3559 1187 3624 tum,
1209 3560 1276 3611 ut
1303 3554 1412 3610 alia
1434 3561 1716 3614 vetustate
1747 3557 2175 3631 obsolevissent,
2197 3559 2271 3618 ob

338 3643 623 3693 recentem
646 3637 925 3702 Boiorum
954 3647 1270 3723 perfidiam.
1339 3649 1714 3728 Sempronius
1741 3661 1957 3728 eontra,
1979 3657 2272 3714 continen-

340 3730 429 3786 dis
462 3729 522 3786 in
555 3729 667 3788 fide
702 3735 870 3792 sociis
903 3742 1218 3800 maximum
1255 3746 1546 3806 vinculum
1579 3766 1702 3807 esse
1735 3750 1955 3826 primos
1994 3771 2268 3830 quosque,
