2459 3967
201 226 346 285 cip.
371 224 540 303 XX.]
761 243 838 283 AB
881 243 1038 283 uana
1081 243 1347 285 connrra
1390 246 1566 285 unm.
2007 230 2132 290 113

197 386 380 463 gister
421 384 702 463 equitum,
737 383 798 441 in
839 383 1142 443 Octavium
1185 385 1507 444 Mamilium
1554 388 1838 466 impetum
1882 386 2130 447 dederat.

197 482 257 540 N
257 502 325 541 ec
356 481 572 539 fefellit
597 480 831 539 veniens
857 481 1245 539 Tusculanum
1274 482 1496 555 ducem,
1520 493 1721 543 contra
1748 504 1919 563 quem
1953 492 2012 543 et
2039 485 2133 544 ille

198 579 458 638 concitat
503 596 718 657 equum
748 596 762 635 :
824 584 1098 657 tantaque
1146 579 1235 637 vis
1282 580 1511 639 infestis
1559 582 1912 641 venientium
1953 582 2133 641 hastis

196 679 332 751 fuit,
355 684 426 736 ut
450 674 748 736 brachium
776 675 1020 735 AEbutio
1047 675 1355 756 trajectum
1382 678 1473 750 sit,
1498 678 1757 737 Mamilio
1784 687 1985 758 pectus
2011 699 2134 758 per·
2152 685 2227 738 25

198 792 450 833 cussum.
527 772 702 831 Hunc
731 772 963 851 quidem
991 774 1053 831 in
1081 774 1388 832 secundam
1418 775 1599 833 aciem
1628 775 1819 834 Latini
1846 795 2131 855 recepere;

197 870 498 942 AEbutius,
519 888 652 927 cnm
686 869 878 928 saucio
905 869 1140 928 brachio
1167 876 1363 929 tenere
1394 870 1572 929 telum
1607 890 1726 929 non
1758 878 1969 949 posset,
1992 892 2135 950 pug-

201 986 277 1026 na
308 966 566 1025 excessit.
651 964 888 1025 Latinus
929 966 1046 1025 dux
1087 966 1234 1025 nihil
1266 967 1571 1026 deterritus
1603 967 1833 1025 vulnere
1865 968 2133 1046 proelium

201 1064 353 1137 ciet3
404 1070 482 1135 et,
515 1062 652 1141 quia
683 1079 818 1122 suos
848 1064 1138 1143 perculsos
1171 1064 1419 1137 videbat,
1450 1064 1681 1123 arcessit
1712 1062 2008 1123 cohortem
2043 1084 2135 1123 ex-

201 1161 392 1219 sulum
426 1160 839 1233 Romanorum,
863 1161 956 1219 cui
983 1161 1147 1220 Lucii
1174 1161 1473 1240 Tarquinii
1504 1160 1657 1219 filius
1688 1168 1944 1240 praeerat.
2028 1161 2129 1235 Ea,
2152 1168 2227 1223 30

201 1257 360 1335 quod
421 1256 642 1334 majore
699 1258 995 1335 pugnabat
1046 1259 1132 1317 ira
1185 1252 1262 1317 ob
1316 1264 1513 1337 erepta
1562 1257 1718 1316 bona
1773 1257 2131 1339 patriamque

200 1354 552 1433 ademptam,
581 1370 838 1433 pugnam
870 1374 1178 1435 parumper
1207 1355 1475 1415 restituit.

1095 1534 1235 1594 XX.

243 1660 526 1704 Aecount
545 1661 602 1703 or
725 1648 1128 1709 Referentibus
1154 1648 1275 1728 jam
1300 1649 1510 1729 pedem
1540 1650 1613 1709 ab
1640 1668 1707 1710 ea
1732 1656 1895 1729 parte
1922 1650 2130 1711 Roma-

193 1727 479 1838 Q'u‘gffflff
496 1737 604 1836 ‘effi
644 1744 750 1819 nis,
780 1746 859 1805 M.
883 1746 1164 1819 Valeriae,
1188 1746 1506 1807 Publicolae
1543 1748 1737 1820 frater,
1768 1748 2130 1825 conspicatus

191 1862 407 1905 Romans
444 1860 604 1913 finally
645 1843 896 1901 ferocem
927 1842 1197 1921 juvenem
1229 1842 1626 1922 Tarquinium,
1652 1849 2037 1901 ostentantem
2070 1863 2130 1901 se

191 1939 344 2048 ἓξὲξ
354 1928 476 2039 {nbi
489 1930 608 2038 3112-
648 1939 708 1996 in
736 1940 922 2017 prima
948 1938 1207 1997 exsulum
1236 1940 1372 2012 acie,
1398 1940 1714 1998 domestica
1746 1938 1920 1997 etiam
1946 1938 2132 2017 gloria

191 2064 273 2106 the
294 2074 432 2116 camp
453 2063 507 2105 or
521 2064 601 2106 the
642 2053 924 2108 accensae,
953 2042 1037 2108 ut,
1068 2035 1235 2113 cujus
1267 2035 1505 2094 familiae
1548 2034 1720 2093 decus
1760 2034 1930 2112 ejecti
1968 2054 2129 2113 reges
2187 2047 2223 2099 5

190 2141 373 2183 enemy.
639 2139 816 2204 erant,
837 2130 1096 2208 ejusdem
1123 2131 1416 2190 interfecti
1442 2132 1652 2204 forent,
1670 2131 1866 2190 subdit
1892 2131 2129 2191 calcaria

188 2248 346 2309 equo
375 2235 436 2287 et
463 2228 844 2306 Tarquinium
867 2228 1082 2287 infesto
1111 2228 1331 2307 spiculo
1358 2230 1521 2308 petit.
1605 2228 1949 2307 Tarquinius
1974 2236 2127 2289 retro

190 2325 254 2383 in
296 2344 510 2403 agmen
551 2343 785 2383 suorum
825 2324 1055 2383 infenso
1103 2325 1274 2383 cessit
1312 2324 1482 2384 hosti.
1566 2325 1879 2398 Valerium,
1912 2334 2127 2387 temere

191 2422 490 2482 invectum
523 2421 586 2479 in
623 2421 881 2480 exsulum
925 2422 1122 2494 aciem,
1153 2441 1222 2480 ex
1256 2428 1575 2482 transverso
1617 2425 1851 2503 quidam
1892 2425 2127 2484 adortus

190 2517 520 2597 transfigit;
569 2537 676 2577 nec
724 2518 1038 2596 quidquam
1087 2519 1297 2596 equitis
1343 2518 1575 2579 vulnere
1622 2540 1771 2600 equo
1818 2521 2123 2595 retardato,
2147 2526 2222 2579 10

190 2616 578 2674 moribundus
624 2614 936 2688 Romanus„
980 2614 1305 2676 labentibus
1354 2636 1523 2696 super
1568 2638 1776 2697 eorpus
1823 2620 2011 2693 armis,
2054 2619 2128 2683 ad

188 2720 404 2772 terram
454 2710 711 2771 defluxit.
808 2712 1078 2772 Dictator
1121 2712 1459 2773 Postumius
1500 2722 1807 2793 postquam
1857 2716 2126 2774 cecidisse

189 2810 368 2869 talem
411 2809 617 2883 virum,
659 2810 880 2869 exsules
928 2811 1198 2869 ferociter
1245 2812 1423 2869 citato
1471 2812 1701 2888 agmine
1747 2812 1955 2884 invehi,
1993 2832 2127 2871 suos

189 2906 488 2985 perculsos
521 2906 720 2967 cedere
757 2907 1177 2981 animadvertit,
1209 2907 1435 2967 cohorti
1472 2926 1607 2979 suae,
1640 2926 1811 2984 quam
1845 2908 2125 2967 delectam

189 3024 428 3063 manum
452 3004 712 3082 praesidii
741 3024 911 3064 causa
937 3006 1088 3064 circa
1113 3024 1172 3064 se
1191 3003 1457 3077 habebat,
1474 3004 1575 3062 dat
1596 3004 1843 3081 signum,
1866 3010 1933 3061 ut
1954 3024 2124 3081 quem
2146 3012 2221 3065 15

189 3120 430 3159 suorum
470 3100 796 3178 fugientem
838 3102 1102 3175 viderint,
1131 3120 1239 3179 pro
1280 3101 1447 3161 hoste
1487 3099 1751 3159 habeant.
1836 3099 1927 3157 Ita
1964 3106 2126 3158 metu

189 3197 434 3276 ancipiti
465 3197 614 3255 versi
655 3216 689 3255 a
723 3198 867 3275 fuga
897 3198 1148 3257 Romani
1186 3198 1249 3257 in
1290 3197 1535 3267 hostem,
1565 3203 1625 3255 et
1660 3196 1923 3255 restituta
1959 3196 2122 3257 acies.

189 3293 417 3353 Cohors
446 3293 744 3352 dictatoris
769 3300 894 3352 tum
923 3296 1174 3372 primum
1203 3295 1473 3373 proelium
1499 3294 1647 3353 iniit.
1732 3293 1981 3372 Integris
2007 3314 2127 3353 eor-

189 3390 431 3468 poribus
471 3390 792 3468 animisque
833 3391 1016 3449 fessos
1057 3391 1247 3450 adorti
1288 3391 1508 3451 exsules
1549 3392 1796 3450 caedunt.
1882 3391 1974 3450 Ibi
2015 3392 2126 3451 alia

189 3486 344 3545 inter
389 3505 654 3564 proceres
701 3494 900 3545 coorta
937 3507 1149 3566 pugna.
1235 3487 1556 3566 Imperator
1596 3488 1849 3561 LatinuS,
1885 3489 1987 3548 ubi
2034 3509 2125 3547 co—
2144 3495 2219 3547 20

189 3582 420 3641 hortem
462 3583 723 3642 exsulum
766 3602 800 3641 a
839 3584 1118 3642 dictatore
1151 3582 1416 3641 Romano
1456 3602 1636 3662 prope
1677 3586 2121 3643 circumventam

187 3681 354 3754 vidit,
379 3700 450 3739 ex
479 3679 834 3738 subsidiariis
860 3679 1186 3756 manipulos
1213 3678 1435 3757 aliquot
1459 3680 1521 3737 in
1549 3681 1795 3758 primam
1828 3680 2009 3737 aciem
2043 3696 2125 3734 se-

185 3798 322 3837 eum
369 3777 538 3856 rapit.
625 3776 757 3835 Hos
801 3775 1028 3851 agmine
1077 3774 1371 3832 venientes
1414 3774 1487 3851 T.
1518 3774 1854 3833 Herminius
1900 3772 2122 3845 legatus

2336 3846 2447 3929 A
