2459 3967
305 248 430 311 182
1126 264 1243 303 rm
1287 263 1411 302 L1V1
1881 237 2034 318 [Lm.
2060 243 2229 303 XXI.

300 413 487 456 amad
509 413 614 465 city,
635 424 702 455 re·
742 415 868 466 tum
898 426 1018 465 esse
1047 426 1232 483 neque
1261 404 1821 483 Carthaginiensium
1850 404 2139 481 injuriam,
2156 404 2235 461 ob
2259 410 2331 462 15

299 483 407 522 turn
427 483 475 522 ‘⁰
493 480 653 523 Rome.
745 524 873 582 quae
902 510 1002 562 aut
1029 522 1135 581 pro
1168 502 1446 561 Romanis
1478 507 1579 558 aut
1605 502 1875 559 adversus
1901 500 2122 559 Poenos
2146 521 2237 558 su-

299 607 462 659 mant
509 619 702 660 arma:
760 607 960 658 contra
1006 618 1073 657 ea
1119 597 1317 656 audire
1372 617 1509 670 sese,
1552 598 1744 675 gentis
1798 617 1917 655 suae
1966 597 2235 655 homines

299 718 438 777 agro
479 698 802 776 finibusque
836 696 1019 755 Italiae
1053 696 1190 773 pelli
1222 715 1258 752 a
1288 695 1506 773 populo
1543 695 1824 767 Romano,
1858 695 2237 773 stipendium-

300 815 412 876 que
439 796 702 873 pendere,
727 802 786 853 et
814 801 1000 852 cetera
1031 792 1272 870 indigna
1302 792 1440 869 pati.
1525 791 1743 849 Eadem
1777 792 1960 850 ferme
1988 792 2053 849 in
2086 799 2236 850 cete-

297 894 376 951 ris
397 892 598 951 Galliae
628 891 885 950 conciliis
911 891 1067 949 dicta
1093 890 1431 967 auditaque3
1468 908 1574 947 nec
1601 888 1885 966 hospitale
1914 888 2231 967 quidquam
2252 894 2331 947 20

299 996 638 1069 pacatumve
667 990 804 1047 satis
831 987 990 1065 prius
1019 987 1281 1044 auditum
1312 1005 1483 1063 quam
1512 984 1825 1043 Massiliam
1851 1003 2070 1043 venere.
2140 984 2233 1043 Ibi

299 1088 494 1146 omnia
522 1087 593 1145 ab
623 1086 791 1144 sociis
819 1084 1095 1162 inquisita
1121 1103 1253 1141 cum
1282 1102 1419 1140 cura
1443 1102 1509 1140 ac
1536 1081 1650 1140 fide
1677 1082 1925 1160 cognita,
1944 1100 2235 1159 praeoccu-

296 1193 466 1262 patos
493 1184 612 1261 jam
641 1190 774 1241 ante
802 1182 874 1240 ab
902 1180 1228 1239 Hannibale
1256 1180 1551 1238 Gallorum
1580 1180 1804 1238 animos
1830 1197 1983 1238 esse:
2026 1179 2131 1237 sed
2154 1198 2232 1238 ne

298 1282 382 1339 illi
412 1281 644 1359 quidem
672 1280 784 1358 ipsi
811 1280 949 1337 satis
975 1279 1178 1337 mitem
1205 1284 1440 1357 gentem
1467 1278 1595 1335 fore
1618 1272 1788 1351 (adeo
1815 1276 2031 1335 ferocia
2055 1284 2233 1355 atque

297 1377 584 1436 indomita
625 1377 860 1453 ingenia
903 1374 1068 1453 esse),
1100 1376 1163 1433 ni
1207 1374 1449 1433 subinde
1497 1393 1653 1446 aur0,
1689 1374 1855 1451 cujus
1901 1373 2232 1432 avidissima
2250 1379 2328 1432 25
2326 1425 2363 1452 s

297 1494 439 1553 gens
467 1481 570 1547 est,
594 1474 920 1552 principum
953 1473 1131 1531 animi
1159 1472 1547 1530 concilientur.
1632 1470 2068 1551 Itafflewatis
2096 1471 2233 1529 His-

297 1572 485 1650 panioe
531 1578 590 1630 et
633 1570 835 1629 Galliae
879 1570 1111 1647 populis
1153 1569 1330 1646 legati
1373 1550 1922 1640 Romam—redeunt,
1952 1568 2111 1627 haud
2146 1570 2234 1629 ita

295 1668 482 1727 multo
510 1675 644 1747 post
673 1687 845 1746 quam
873 1666 1134 1747 consules
1161 1666 1221 1726 in
1251 1666 1573 1743 provincias
1598 1665 1846 1743 profecti
1876 1673 2051 1725 erant.
2136 1666 2233 1725 Ci-

295 1767 535 1825 vitatem
577 1784 810 1825 omnem
850 1764 912 1821 in
946 1764 1371 1841 exspectatione
1402 1761 1539 1820 belli
1580 1768 1826 1820 erectam
1867 1762 2227 1838 invenerunt,

297 1865 434 1923 satis
468 1869 768 1923 constante
801 1862 959 1920 fama
990 1861 1109 1938 jam
1144 1859 1376 1919 Iberum
1408 1860 1625 1919 Poenos
1655 1860 1981 1920 tramisisse.
2154 1860 2163 1867 “
2249 1867 2329 1920 30

1057 2056 1072 2065 ·
1134 2038 1341 2098 ,XXL

346 2211 391 2252 11
409 2221 484 2252 an
503 2222 534 2252 n
553 2210 568 2252 ¹
586 2210 618 2252 b
637 2221 664 2252 a
681 2210 699 2251 1
820 2153 1132 2226 Hannibal,
1164 2153 1426 2231 Sagunto
1464 2159 1651 2231 capt0,
1681 2152 2089 2233 Carthaginem
2128 2175 2230 2215 no-

296 2277 458 2318 reth-es
497 2280 546 2319 to
583 2278 702 2319 New
740 2271 871 2309 vam
926 2252 988 2308 in
1048 2250 1291 2308 hiberna
1348 2257 1718 2322 concesserat,
1758 2250 1954 2329 ibique
2013 2252 2229 2311 auditis

296 2344 523 2419 carthago
561 2343 699 2430 into
742 2366 869 2424 quae
903 2346 1108 2405 Romae
1149 2366 1393 2424 quaeque
1431 2344 1779 2425 Carthagine
1821 2354 1947 2406 acta
1979 2348 2229 2407 decreta-

295 2412 698 2519 ἶᾞξθᾟῗὲῗζζῗζ
741 2462 850 2520 que
878 2444 1087 2513 forent,
1113 2462 1285 2519 seque
1318 2462 1436 2500 uon
1464 2443 1668 2501 ducem
1704 2443 1887 2501 solum
1922 2444 2022 2502 scd
2050 2446 2226 2503 etiam
2250 2435 2269 2443 “

297 2543 493 2621 spumea
539 2542 699 2583 auxffl-
740 2559 966 2597 causam
1013 2557 1133 2597 esse
1176 2539 1330 2610 belli,
1369 2539 1597 2616 partitis
1640 2539 2061 2617 divenditisque
2101 2542 2226 2600 reli·
2286 2548 2321 2599 5

296 2620 417 2719 ἓξὲξ
441 2610 698 2728 ζίωέζᾞ
741 2634 889 2711 quiis
942 2634 1174 2712 praedae,
1213 2635 1359 2693 nihil
1413 2634 1566 2693 ultra
1616 2636 1999 2694 differendum
2048 2644 2221 2709 ratUS,

296 2744 607 2787 condition
644 2743 697 2785 or
741 2730 992 2809 Hispani
1045 2732 1271 2809 generis
1328 2731 1543 2789 milites
1597 2738 1889 2791 convocat.
1977 2732 2223 2791 “Credo

295 2810 424 2921 ἓξὲξ]
440 2810 700 2930 Υῗθξᾟῃῖἓξ
741 2846 848 2905 ego
881 2826 1038 2899 voS,”
1061 2828 1252 2905 inquit
1282 2827 1316 2855 ‘⁴
1336 2827 1491 2897 socii,
1516 2834 1575 2885 et
1606 2828 1763 2905 ipsos
1797 2847 2039 2901 cernere,
2061 2849 2226 2908 paca-

295 2943 591 2994 spriug.-on
619 2942 699 2983 the
740 2924 816 2981 tis
859 2923 1127 2981 omnibus
1160 2922 1463 3001 Hispaniae
1500 2923 1749 3002 populis,
1780 2931 1880 2983 aut
1912 2924 2223 2983 finiendam

295 3008 699 3120 ἓὲήξῃωαῖἔξῆέἕ
737 3020 906 3077 nobis
942 3019 1208 3077 militiam
1245 3020 1636 3097 exercitusque
1669 3019 2047 3080 dimittendos
2083 3041 2220 3095 esse,
2245 3028 2320 3080 10

294 3151 587 3198 rangemeuts
627 3143 697 3185 ror
738 3122 838 3174 aut
870 3117 930 3174 in
969 3116 1106 3174 alias
1141 3123 1321 3173 terras
1354 3116 1813 3175 transferendum
1846 3117 2099 3176 bellum:
2142 3120 2225 3176 ita

295 3212 604 3317 gxgisafety
638 3210 692 3252 0¹
737 3213 890 3270 enim
918 3211 1010 3269 hae
1033 3218 1241 3289 gentes
1261 3230 1378 3270 non
1399 3212 1557 3289 pacis
1586 3213 1771 3270 solum
1796 3213 1896 3271 sed
1916 3214 2091 3281 etiam
2112 3215 2224 3281 vic-

295 3291 370 3381 hig
397 3278 695 3384 cgvdessfgffi
735 3310 910 3366 toriae
928 3304 1097 3366 bonis
1124 3308 1427 3380 florebunt,
1453 3309 1500 3365 si
1530 3328 1599 3366 ex
1632 3309 1758 3367 aliis
1784 3310 2053 3387 gentibus
2081 3330 2225 3388 prae-

295 3408 449 3511 {aaron
478 3409 698 3459 against
739 3404 871 3461 dam
907 3411 964 3461 et
996 3386 1237 3481 gloriam
1274 3424 1609 3481 quaeremus,
1695 3405 1897 3484 Itaque
1939 3426 2071 3465 cum
2103 3407 2225 3464 lon-

323 3472 429 3521 t³¹5'
736 3500 952 3576 ginqua
983 3520 1017 3557 a
1049 3499 1224 3557 domo
1253 3502 1428 3559 instet
1454 3501 1677 3573 militia,
1699 3502 2094 3580 incertumque
2126 3504 2219 3576 sit,
2244 3510 2321 3565 15

300 3588 529 3665 qu'ando
550 3590 766 3655 ,domos
798 3602 1011 3652 vestras
1045 3602 1103 3653 et
1132 3616 1260 3674 quae
1290 3598 1495 3674 cuique
1524 3597 1605 3655 ibi
1633 3618 1761 3656 cara
1788 3606 1922 3659 sunt
1949 3601 2125 3664 visuri
2154 3602 2225 3659 si-

297 3685 391 3754 tis,
416 3684 463 3739 si
493 3683 620 3760 quis
647 3693 894 3744 vestrum
923 3710 1056 3747 suos
1084 3692 1324 3751 invisere
1352 3694 1491 3767 vult,
1516 3702 1901 3755 commeatum
1930 3697 2022 3757 dc.
2101 3698 2225 3755 Pri-

297 3797 396 3835 mo
437 3798 566 3837 vere
611 3778 773 3836 edico
819 3783 1032 3857 adsitis,
1061 3793 1145 3859 ut,
1175 3788 1288 3849 diis
1326 3788 1471 3848 bene
1510 3790 1843 3870 juvantibus
1882 3792 2098 3859 bellum
2137 3795 2224 3865 in·
