2459 3967
310 173 437 236 220
1132 184 1249 223 ‘rm
1287 183 1416 224 uvr
1901 161 2054 240 [Lm
2077 165 2262 227 XXI⁴

310 335 413 378 ione
442 346 511 378 ne
524 346 585 378 ar
610 334 715 378 1²1ae
754 327 995 386 consilio
1038 331 1143 384 aut
1185 345 1288 403 spe
1329 324 1569 384 fallendi
1611 323 2005 397 resistendive,
2035 326 2088 384 si
2129 346 2263 386 non

311 401 642 510 {zffiz‘n‘ssuiff
652 411 714 508 ἑξ
752 424 993 495 falleret,
1016 430 1418 500 transgressus.
1502 421 1574 479 Id
1603 421 1764 499 quod
1789 441 1971 478 unum
2000 423 2262 482 maxime

312 535 469 576 attach
511 545 575 576 on
611 533 715 575 vio-
752 520 814 578 in
846 519 1156 598 praesentia
1186 516 1632 588 desiderabatur,
1658 517 1912 575 comitiis
1944 519 2262 576 consulari-

312 599 713 642 ‘umv¹⁸⁸·-T¹²⁰
754 616 863 674 bus
895 614 1125 688 habitis,
1147 615 1211 671 in
1237 613 1479 671 hiberna
1503 611 1694 672 rediit.
1764 611 1960 672 Oreati
1988 615 2260 674 consules
2283 619 2356 670 15

311 667 526 775 {iffi-‘3
535 675 714 775 ’ἒῗέἑί
757 711 863 770 em
888 709 1159 770 servilius
1186 715 1246 767 et
1273 708 1339 767 c,
1363 709 1696 768 Flaminius

312 799 713 907 {Zfflffiffifgfffle
833 807 1105 866 Ceterum
1132 825 1205 864 ne
1225 804 1468 864 hiberna
1495 804 1731 883 quidem
1752 804 2033 864 Romanis
2055 807 2263 884 quieta

602 896 615 908 ’
756 910 935 976 erant,
954 901 1296 980 vagantibus
1321 901 1536 980 passim
1559 901 1831 959 Numidis
1859 902 2172 979 equitibus,
2197 911 2261 962 et

314 1008 381 1060 ut
429 1022 673 1081 quaeque
721 1001 794 1060 iis
841 999 1211 1077 impeditiora
1259 1004 1438 1069 erant,
1481 997 1785 1056 Celtiberis
1826 997 2254 1077 Lusitanisque.

315 1100 532 1159 Omnes
576 1100 755 1178 igitur
802 1097 1055 1175 undique
1102 1094 1282 1154 clausi
1327 1101 1684 1153 commeatus
1727 1101 1906 1167 erant,
1941 1095 2055 1152 nisi
2106 1115 2258 1174 quos
2279 1103 2354 1155 20

314 1196 478 1254 Pado
532 1215 705 1253 naves
756 1193 1151 1252 subveherent.
1252 1190 1597 1268 Emporium
1655 1210 1838 1268 prope
1893 1191 2261 1251 Placentiam

314 1292 447 1364 fuit,
472 1298 530 1349 et
564 1310 735 1368 opere
763 1309 978 1368 magno
1010 1289 1302 1348 munitum
1331 1295 1390 1346 et
1416 1287 1608 1346 valido
1637 1287 1930 1346 firmatum
1957 1291 2258 1366 praesidio.

315 1387 461 1464 Ejus
495 1387 712 1445 castelli
752 1386 1121 1464 expugnandi
1163 1405 1266 1462 spe
1307 1404 1441 1442 cum
1484 1384 1776 1463 equitibus
1813 1404 1880 1442 ac
1918 1384 2033 1443 levi
2073 1405 2262 1444 arma·

317 1491 446 1542 tura
476 1483 771 1562 profectus
798 1482 1109 1554 Hannibal,
1135 1501 1267 1541 cum
1300 1480 1616 1560 plurimum
1649 1481 1710 1538 in
1743 1480 1983 1540 celando
2016 1481 2261 1560 incepto

317 1581 393 1642 ad
450 1581 722 1638 effectum
784 1579 907 1657 spei
966 1578 1276 1650 habuisset,
1327 1585 1499 1636 nocte
1557 1577 1796 1636 adortus
1855 1597 1976 1636 non
2040 1578 2260 1638 fefellit
2280 1586 2354 1639 25

318 1678 534 1756 vigiles.
612 1677 833 1736 Tantus
873 1682 1109 1754 repente
1150 1675 1365 1734 clamor
1406 1681 1495 1733 est
1535 1673 1808 1748 sublatus,
1837 1682 1906 1733 ut
1939 1675 2260 1735 Placentiae

320 1793 549 1854 quoque
583 1774 889 1832 audiretur.
976 1771 1179 1850 Itaque
1214 1771 1320 1829 sub
1355 1771 1542 1830 lucem
1583 1790 1718 1830 cum
1757 1771 2020 1849 equitatu
2053 1774 2262 1831 consul

320 1873 532 1943 aderat,
562 1870 734 1948 jussis
776 1869 1055 1948 quadrato
1097 1868 1328 1946 agmine
1362 1868 1686 1946 legionibus
1719 1868 1895 1946 sequi.
1973 1867 2262 1946 Equestre
2435 1861 2437 1931 l

318 1971 550 2029 interim
594 1967 865 2046 proelium
904 1966 1316 2038 commissum;
1374 1966 1435 2022 in
1487 1983 1620 2043 qu0,
1663 1965 1798 2044 quia
1837 1965 2065 2024 saucius
2099 1966 2262 2024 Han-

320 2067 476 2124 nibal
529 2084 726 2143 pugna
778 2064 1035 2136 excessit,
1080 2081 1292 2141 pavore
1347 2061 1610 2120 hostibus
1669 2060 1886 2138 injecto
1948 2062 2257 2122 defensum
2279 2069 2353 2122 30

321 2163 548 2240 egregie
602 2161 939 2239 praesidium
994 2166 1097 2218 est.
1194 2158 1519 2216 Paucorum
1579 2158 1716 2216 inde
1775 2159 2003 2218 dierum
2065 2160 2260 2238 quiete

322 2265 569 2335 sumpta,
600 2265 659 2316 et
699 2258 938 2316 vixdum
980 2257 1117 2314 satis
1157 2261 1458 2335 percurato
1499 2255 1750 2328 vulnere,
1784 2256 1859 2314 ad
1891 2256 2260 2316 Victumvias

325 2352 741 2430 oppugnandas
790 2354 871 2411 ire
923 2352 1128 2430 pergit.
1226 2351 1299 2408 Id
1339 2350 1662 2431 emporium
1706 2351 1988 2411 Romanis
2033 2351 2258 2412 Gallico

322 2448 475 2506 bello
517 2448 707 2506 fuerat
747 2448 1072 2529 munitum:
1115 2447 1252 2504 inde
1284 2446 1477 2504 locum
1509 2447 2012 2526 frequentaverant
2044 2450 2257 2508 accolae

323 2545 495 2603 mixti
527 2544 781 2622 undique
820 2564 890 2602 ex
926 2543 1190 2601 finitimis
1222 2544 1488 2623 populis;
1531 2552 1591 2603 et
1629 2552 1755 2605 tum
1797 2552 1982 2604 terror
2019 2548 2256 2624 popula·
2276 2554 2353 2606 35
2433 2531 2435 2602 l

325 2642 551 2698 tionum
594 2658 663 2697 eo
707 2640 1006 2718 plerosque
1046 2661 1114 2698 ex
1148 2641 1302 2718 agris
1339 2641 1707 2718 compulerat.
1793 2642 1990 2720 Hujus
2029 2645 2258 2721 generis
2433 2631 2435 2636 ¹

325 2736 659 2809 multitude,
700 2736 859 2794 fama
904 2737 1152 2816 impigre
1201 2737 1426 2796 defensi
1474 2738 1549 2796 ad
1596 2738 1948 2798 Placentiam
2000 2740 2256 2817 praesidii
2433 2695 2435 2798 l

326 2853 577 2906 accensa,
609 2835 781 2892 armis
814 2835 1071 2912 arreptis,
1104 2834 1332 2892 obviam
1366 2835 1682 2894 Hannibali
1716 2837 1990 2914 procedit.
2069 2837 2258 2915 Magis
2433 2809 2435 2847 Ι

326 2933 560 3011 agmina
593 2951 764 3010 quam
800 2932 947 2990 acies
988 2933 1051 2988 in
1092 2931 1186 2988 via
1226 2939 1667 3006 concurrerunt3
1706 2939 1780 3006 et,
1809 2952 1944 2991 cum
1978 2953 2048 2992 ex
2083 2935 2260 2992 altera

326 3036 489 3109 parte
538 3028 683 3086 nihil
732 3035 942 3106 praeter
988 3027 1347 3086 inconditam
1396 3027 1624 3088 turbam
1671 3035 1834 3102 esset,
1871 3029 1933 3087 in
1981 3030 2160 3088 altera
2198 3038 2257 3089 et
2273 3033 2352 3088 40

328 3127 446 3185 dux
486 3125 661 3184 militi
702 3132 761 3183 et
802 3125 936 3182 duci
977 3123 1141 3182 miles
1180 3125 1381 3196 fidens»,
1413 3125 1487 3183 ad
1523 3125 1763 3205 triginta
1803 3126 2058 3204 quinque
2099 3126 2260 3184 milia

326 3223 632 3281 hominum
666 3241 701 3279 a
732 3222 931 3299 paucis
962 3221 1109 3280 fusa.
1182 3207 1424 3280 Postero
1465 3222 1561 3280 die
1602 3223 1895 3282 deditione
1928 3223 2085 3281 facta
2115 3242 2258 3300 prae-

330 3318 541 3374 sidium
580 3319 731 3375 intra
768 3318 984 3376 moenia
1020 3337 1324 3396 accepere3
1365 3317 1620 3396 jussique
1661 3338 1822 3376 arma
1859 3319 2084 3378 tradere
2125 3339 2256 3376 cum

331 3410 488 3466 dicto
522 3413 858 3486 paruissent,
890 3414 1122 3490 signum
1162 3422 1399 3493 repente
1438 3415 1752 3474 victoribus
1793 3416 1978 3489 datur,
2009 3424 2076 3475 ut
2117 3423 2258 3474 tam-

334 3521 506 3577 quam
556 3505 610 3558 vi
659 3514 884 3581 captam
930 3509 1133 3568 urbem
1180 3511 1508 3592 diriperent.
1596 3511 1798 3590 Neque
1847 3513 1976 3585 ulla,
2017 3533 2148 3590 quae
2195 3515 2253 3572 in
2275 3517 2352 3571 45

332 3596 435 3651 tali
482 3615 543 3653 re
594 3602 978 3660 memorabilis
1026 3605 1405 3665 scribentibus
1453 3607 1634 3666 videri
1681 3608 1842 3682 solet,
1877 3613 2259 3687 praetermissa

335 3688 522 3750 clades
570 3696 691 3748 est:
748 3695 890 3753 adeo
940 3702 1128 3758 omnis
1174 3702 1433 3762 libidinis
1480 3704 1945 3783 crudelitatisque
1987 3712 2048 3765 et
2094 3707 2258 3779 inhu-
