2459 3967
248 206 396 267 Cu.
425 203 532 285 X.]
823 224 899 263 AB
946 223 1102 263 unns
1140 222 1404 265 comum
1449 223 1623 264 mum.
2063 204 2189 267 103

1185 449 1263 508 Χ.

1322 510 1344 546 1
1398 534 1409 549 .

303 573 492 627 Legend
507 573 560 615 ot
568 572 663 615 110-
784 561 936 623 Cum
969 563 1165 621 hostes
1199 526 1479 636 adessent,
1502 582 1609 641 pro
1644 584 1702 622 se
1737 564 1975 643 quisque
2008 565 2069 621 in
2102 583 2193 623 ur-

249 638 462 747 r-”ssieufz
475 638 667 747 {³33⁶}
701 658 834 717 bem
869 679 938 717 ex
967 659 1119 737 agris
1147 660 1489 737 demigrant,
1510 659 1711 718 urbem
1744 659 1928 737 ipsam
1963 660 2193 737 sepiunt

251 772 335 813 the
374 771 662 813 sublician
704 756 1002 835 praesidiis.
1066 755 1206 815 Alia
1224 756 1421 828 muris,
1442 756 1553 813 alia
1572 756 1768 814 Tiberi
1791 756 2019 834 objecto
2042 756 2194 814 vide·

251 839 310 880 br
311 838 432 891 Μεθ’
703 851 918 910 bantur
947 858 1092 911 tuta.
1175 852 1337 911 Pons
1370 852 1645 909 sublicius
1678 852 1787 910 iter
1819 870 1985 930 paene
2016 852 2195 935 hosti-

251 946 364 1005 bus
393 946 572 1019 dedit,
594 947 656 1005 ni
690 967 838 1005 unus
865 948 953 1005 vir
979 949 1201 1021 fuisset,
1221 948 1503 1007 Horatius
1530 948 1731 1007 Cocles
1762 943 1849 1023 (id
1876 921 2195 1005 munimeti-
2254 952 2288 1003 5

252 1051 385 1102 tum
426 1044 528 1101 illo
577 1044 673 1102 die
721 1045 960 1103 fortuna
1007 1045 1164 1104 urbis
1209 1046 1489 1103 Romanae
1535 1042 1791 1121 habuit),'
1823 1046 1938 1122 qui,
1974 1045 2197 1122 positus

253 1142 411 1199 forte
451 1142 524 1215 in·
548 1142 796 1222 statione
835 1143 1048 1219 pontis,
1080 1163 1211 1208 cum
1248 1150 1481 1220 captum
1514 1120 1817 1220 repentino
1850 1141 2071 1219 impetu
2103 1141 2141 1199 J
2143 1161 2197 1198 a·

255 1238 516 1296 niculum
560 1244 734 1316 atque
767 1238 902 1296 inde
931 1228 1152 1297 citatos·
1167 1239 1484 1309 ,decurrere
1515 1236 1712 1297 hostes
1744 1238 1995 1310 vidisset,
2025 1238 2197 1315 trepi-

255 1335 510 1413 damque
551 1335 781 1393 turbam
817 1354 1051 1393 suorum
1085 1355 1244 1403 arma
1277 1336 1617 1414 ordinesque
1652 1336 1983 1414 relinquere,
2015 1356 2199 1414 repre-

253 1432 506 1490 hensans
535 1431 811 1509 singulm,
837 1431 1140 1504 obsistenS,
1165 1432 1574 1511 obtestansque
1603 1434 1780 1492 deum
1810 1440 1867 1491 et
1893 1433 2196 1491 hominum
2217 1442 2293 1494 10

252 1528 430 1588 fidem
476 1528 809 1602 testabatur,
841 1530 1232 1607 nequidquam
1276 1530 1501 1589 deserto
1534 1531 1806 1609 praesidio
1846 1550 1945 1589 eos
1976 1532 2193 1608 fugere.
2229 1590 2237 1598 ,

254 1625 321 1683 Si
353 1626 666 1683 transitum
698 1632 940 1703 pontem
973 1645 1006 1682 a
1038 1631 1204 1703 tergo
1238 1627 1615 1705 reliquissent,
1638 1627 1756 1704 jam
1786 1627 1915 1704 plus
1941 1628 2197 1685 hostium

252 1723 318 1781 in
347 1722 577 1780 Palatio
606 1721 1012 1801 Capitolioque
1043 1742 1214 1801 quam
1244 1724 1306 1781 in
1332 1724 1370 1782 J
1372 1724 1599 1782 aniculo
1628 1725 1770 1783 fore.
1850 1723 2051 1803 Itaque
2078 1746 2200 1783 mo-

253 1839 410 1892 nere,
431 1819 763 1897 praedicere,
784 1827 851 1877 ut
878 1827 1117 1898 pontem
1139 1821 1312 1892 feri-0,
1331 1822 1472 1898 igni,
1499 1839 1859 1898 quacumque
1881 1824 1934 1878 vi
1956 1823 2197 1899 possint,

253 1918 713 1996 interrumpant:
758 1936 820 1976 se
861 1918 1144 1996 impetum
1179 1918 1455 1991 hostium,
1482 1925 1761 1997 quant-um
1804 1937 2040 1997 corpore
2081 1938 2197 1977 uno
2220 1925 2293 1978 15

254 2022 456 2093 posset
491 2012 711 2087 obsisti,
737 2005 1134 2092 excepturum}
1211 2016 1396 2075 Vadit
1430 2016 1565 2073 inde
1597 2016 1659 2073 in
1692 2016 1942 2093 primum
1978 2015 2198 2074 aditum

254 2112 490 2190 pontis3
534 2111 892 2189 insignisque
919 2112 1071 2171 inter
1099 2119 1407 2191 conspecta
1439 2112 1767 2171 cedentium
1797 2132 1993 2191 pugna
2018 2120 2195 2191 terga,

257 2209 515 2267 obversis
549 2209 874 2267 comminus
907 2210 982 2267 ad
1010 2210 1328 2272 ineundum
1358 2211 1627 2289 proelium
1660 2212 1849 2283 armis,
1873 2211 2000 2290 ipso
2033 2213 2201 2270 mira-

257 2306 389 2364 culo
439 2306 698 2364 audaciae
755 2306 1144 2399 obsQflfiocit
1191 2308 1402 2367 hostes.
1486 2309 1652 2367 Duos
1699 2316 1893 2368 tamen
1948 2330 2079 2368 cum
2130 2330 2199 2369 eo

161 2460 166 2465 .
258 2406 451 2483 pudor
498 2407 706 2478 tenuit,
738 2402 1116 2484 SpT'Eartium
1160 2427 1226 2466 ac
1268 2407 1333 2466 T.
1354 2408 1742 2481 Herminium,
1774 2410 1975 2468 ambos
2018 2411 2199 2469 claros
2218 2413 2295 2465 20

258 2521 471 2581 genere
511 2502 815 2580 factisque.
900 2503 1051 2562 Cum
1084 2504 1177 2561 his
1218 2504 1463 2581 primam
1506 2505 1744 2583 periculi
1785 2507 2109 2584 procellam,
2141 2514 2201 2564 et

262 2600 420 2677 quod
469 2599 1054 2658 tumultuosissimum
1104 2620 1319 2679 pugnae
1375 2608 1509 2675 erat,
1545 2612 1853 2681 parumper
1909 2604 2194 2662 sustinuit.

261 2696 493 2755 Deinde
527 2716 626 2755 eos
659 2715 888 2774 quoque
920 2698 1096 2776 ipsos,
1131 2698 1341 2775 exigua
1379 2705 1540 2776 parte
1571 2674 1769 2776 pontis
1802 2700 2013 2772 relicta,
2043 2721 2201 2759 revo-

263 2793 542 2852 cantibus·
557 2794 657 2873 qui
685 2792 1101 2866 rescindebant,
1125 2795 1325 2853 cedere
1353 2794 1415 2851 in
1442 2800 1633 2851 tutum
1664 2796 1869 2872 coegit.
1946 2797 2201 2875 Circum-

262 2890 457 2950 ferens
483 2890 620 2949 inde
644 2888 842 2979 >truces
863 2892 1166 2950 minaciter
1193 2890 1391 2949 oculos
1418 2890 1493 2947 ad
1518 2908 1779 2968 proceres
1808 2892 2195 2965 Etruscorum,
2219 2900 2294 2951 25

264 3008 420 3047 nunc
461 2988 550 3045 sin
655 2976 721 3046 os
753 3008 1079 3065 provocare,
1103 3008 1257 3046 nunc
1290 2988 1582 3065 increpare
1620 3006 1835 3060 omnes,
1860 2990 2088 3047 servitia
2119 3010 2201 3047 re-

264 3104 406 3162 gum
437 2988 973 3173 sup-&mztis
995 3085 1275 3143 libertatis
1303 3072 1683 3156 immemores,
1708 3084 1951 3142 alienam
1983 3104 2201 3163 oppug-

265 3189 468 3240 natum
495 3183 704 3239 venire.
791 3182 1062 3245 Cunctati
1095 3182 1449 3259 aliquamdiu
1483 3188 1632 3254 sunt,
1654 3181 1793 3239 dum
1828 3181 1973 3238 alius
2005 3182 2197 3256 alium,

266 3286 332 3337 ut
364 3278 636 3356 proelium
670 3278 969 3356 incipiant,
1001 3279 1492 3357 circumspectant.
1579 3279 1778 3338 Pudor
1810 3277 2017 3338 deinde
2051 3300 2203 3339 com-

266 3374 454 3433 movit
495 3375 695 3447 aciem,
721 3382 796 3447 et,
821 3375 1070 3434 clamore
1113 3375 1355 3449 sublat0,
1381 3375 1635 3477 undique
1668 3378 1727 3435 in
1761 3395 1941 3434 unum
1975 3377 2199 3447 hostem
2222 3385 2299 3439 30

266 3462 408 3553 tel‘aN
419 3471 758 3555 conjiciunt.
789 3456 986 3559 {Quae
1031 3492 1161 3529 cum
1195 3473 1255 3529 in
1293 3473 1523 3550 objecto
1566 3481 1773 3533 cuncta
1814 3480 1977 3531 scuto
2008 3475 2204 3533 haesis-

193 3580 207 3594 ·
226 3582 235 3587 ’
257 3574 412 3640 sent,
434 3565 624 3646 'neque
666 3568 762 3625 ille
795 3568 988 3625 minus
1030 3567 1353 3626 obstinatus
1385 3570 1608 3646 ingenti
1644 3577 1882 3647 pontem
1918 3568 2204 3627 'obtineret

266 3664 469 3743 gradu,
493 3665 614 3743 jam
648 3664 876 3741 impetu
917 3662 1275 3722 conabantur
1305 3664 1606 3721 detrudere
1639 3666 1841 3735 virum,
1866 3682 1998 3721 cum
2032 3664 2202 3720 simul

267 3764 466 3842 fragor
486 3764 644 3843 rupti
666 3762 880 3841 pontis,
903 3760 1073 3819 simul
1101 3758 1317 3817 clamor
1336 3758 1747 3831 Romanorum,
1771 3758 2059 3815 alacritate
2080 3774 2190 3829 per·
