2459 3967
220 194 366 255 cir.
391 188 592 270 XVL]
789 208 866 246 AB
909 206 1064 247 unns
1110 206 1374 245 cosnrrs
1418 205 1593 245 unm.
2031 184 2157 246 109

219 358 427 401 Romans
447 356 496 397 in
517 358 626 397 tum
665 356 867 408 natum
895 348 1132 426 legatos,
1161 347 1324 406 missi
1350 347 1659 405 confestim
1684 344 2160 403 honoratissimus

219 422 626 538 Ξὲἒῗοᾎᾙϋξζέ
669 447 910 524 quisque
937 464 970 503 e
996 444 1289 523 patribus:
1336 443 1370 471 “
1388 442 1447 500 N
1448 462 1523 501 on
1553 443 1693 521 quin
1722 442 1968 501 breviter
1998 440 2161 499 reddi

221 555 376 597 -Fin
389 554 440 595 sl
465 552 630 595 under·
669 561 1004 621 responsum
1035 540 1308 619 potuerit,
1338 560 1457 599 non
1490 541 1669 619 recipi
1694 560 1873 619 reges,
1903 540 2035 599 ideo
2062 559 2164 618 po-

221 619 630 737 ξῗζῇῃξιῗᾶῗ
669 641 786 699 tius
819 638 1070 698 delectos
1098 643 1329 715 patrum
1362 637 1438 695 ad
1470 656 1603 696 eum
1634 637 1841 695 missos
1878 656 2053 716 quam
2088 637 2164 695 le-

221 754 332 806 quin
375 752 544 795 roure·
578 754 630 795 to
669 737 820 816 gatis
853 735 979 813 ejus
1005 734 1210 793 Romae
1240 734 1471 793 daretur
1496 753 1851 812 responsum,
1882 734 1984 793 sed
2011 741 2077 793 ut
2102 735 2162 792 in
2185 741 2257 795 10

221 821 488 864 Tusculum.
670 841 1014 913 perpetuum
1062 832 1283 891 mentio
1330 830 1457 909 ejus
1502 830 1585 889 rei
1626 828 1899 901 finiretur,
1942 849 2055 889 neu
2102 831 2164 889 in

223 934 406 992 tantis
448 932 665 991 mutuis
695 930 988 990 beneficiis
1018 929 1080 987 in
1109 930 1294 987 vicem
1334 927 1515 987 animi
1547 926 2003 998 sollicitarentur,
2032 946 2165 985 cum

223 1030 323 1088 ille
349 1035 592 1107 peteret,
612 1027 770 1106 quod
795 1034 996 1086 contra
1020 1025 1345 1085 libertatem
1373 1022 1574 1103 populi
1593 1022 1844 1081 Romani
1870 1029 2035 1095 esset,
2054 1022 2168 1081 Ro-

224 1126 404 1198 mani,
435 1126 548 1183 nisi
579 1124 641 1183 in
673 1124 983 1202 perniciem
1023 1142 1184 1182 suam
1217 1122 1418 1181 faciles
1457 1141 1581 1181 esse
1612 1120 1839 1193 vellent,
1874 1126 2165 1197 negarent,

226 1223 324 1282 cui
355 1221 504 1281 nihil
537 1227 810 1299 negatum
843 1219 1068 1279 vellent.
1153 1219 1212 1279 N
1211 1239 1290 1277 on
1330 1219 1392 1277 in
1434 1238 1613 1297 regno
1646 1217 1927 1297 populum
1960 1217 2169 1277 Roma-
2189 1226 2287 1295 15·

225 1339 389 1392 num,
423 1317 525 1378 sed
555 1318 616 1375 in
649 1317 912 1377 libertate
951 1334 1107 1377 esse:
1155 1317 1239 1375 ita
1270 1317 1561 1375 induxisse
1592 1316 1655 1375 in
1687 1316 1962 1389 animum,
1991 1316 2169 1377 hosti-

226 1416 338 1474 bus
371 1414 570 1493 potius
602 1420 798 1492 portas
829 1433 1004 1493 quam
1037 1413 1269 1492 regibus
1307 1414 1643 1492 patefacere.
1727 1413 1871 1473 Eam
1915 1432 2036 1472 esse
2072 1433 2170 1473 vo-

225 1513 516 1572 luntatem
545 1512 821 1583 omnium,
839 1518 923 1583 ut,
944 1511 1044 1589 qui
1064 1510 1317 1569 libertati
1344 1511 1453 1570 erit
1478 1512 1539 1569 in
1561 1510 1659 1571 illa
1677 1512 1818 1571 urbe
1844 1510 1992 1585 finis,
2012 1512 2167 1571 idem

225 1610 361 1671 urbi
390 1610 482 1669 sit.
566 1608 835 1681 Proinde,
867 1609 915 1668 si
943 1608 1157 1667 salvam
1191 1627 1313 1667 esse
1338 1609 1511 1667 vellet
1536 1608 1801 1681 Romam,
1826 1617 1891 1668 ut
1919 1609 2171 1688 patiatur

225 1707 473 1766 liberam
501 1724 640 1777 esse,
665 1703 876 1764 orare.”
925 1703 1050 1762 Rex
1072 1704 1415 1763 verecundia
1434 1706 1635 1777 victus,
1656 1704 1691 1733 “
1706 1706 1937 1783 quando
1965 1706 2028 1763 id
2054 1725 2169 1765 cer·
2187 1710 2263 1763 20

225 1812 358 1864 tum
395 1809 576 1879 atque
618 1800 970 1859 obstinatum
1012 1808 1100 1861 est
1116 1800 1150 1828 ’²
1179 1802 1388 1879 inquit,
1420 1802 1454 1830 “
1472 1821 1659 1879 neque
1699 1821 1809 1879 ego
1850 1802 2169 1859 obtundam

228 1901 448 1979 saepius
480 1899 681 1957 eadem
714 1898 1102 1976 nequidquam
1140 1898 1383 1976 ageudO,
1413 1918 1519 1958 nec
1551 1898 1893 1975 Tarquinios
1934 1918 2035 1975 spe
2074 1918 2171 1956 au-

227 1998 374 2070 xilii,
412 1996 572 2074 quod
609 1994 833 2053 nullum
874 1995 934 2053 in
975 2014 1070 2053 me
1117 2001 1222 2066 est,
1258 1995 1564 2054 frustabor.
1648 1994 1849 2052 Alium
1880 1994 2032 2065 hinc,
2069 2014 2169 2053 seu

226 2094 388 2154 bello
428 2111 576 2171 opus
615 2098 720 2163 est,
755 2111 855 2150 seu
888 2091 1084 2169 quieto
1127 2091 1345 2163 exsili0,
1382 2098 1643 2169 quaerant
1679 2091 1887 2162 locum,
1922 2111 1995 2149 ne
2030 2090 2171 2169 quid

227 2210 426 2250 meam
469 2188 766 2247 vobiscum
807 2206 1006 2266 pacem
1058 2186 1386 2246 distineat?
1469 2187 1659 2247 Dictis
1699 2188 1855 2245 facta
1900 2188 2171 2247 amiciora
2188 2194 2263 2247 25

229 2287 482 2365 adjecit:
526 2284 792 2343 obsidum
827 2285 984 2361 quod
1024 2284 1309 2362 reliquum
1347 2290 1468 2343 erat
1507 2284 1775 2357 reddidit,
1806 2304 2005 2363 agrum
2035 2285 2171 2344 Vei-

230 2391 427 2444 entem
462 2382 682 2439 foedere
716 2381 791 2439 ad
815 2380 852 2441 J
854 2380 1144 2439 aniculum
1171 2381 1289 2439 icto
1318 2380 1653 2458 ademptum
1682 2382 1947 2441 restituit.
2036 2382 2172 2440 Tar-

231 2480 486 2560 quinius,
510 2498 612 2556 spe
641 2477 800 2535 omni
827 2478 1046 2537 reditus
1077 2478 1271 2549 incisa,
1296 2477 1613 2535 exsulatum
1649 2478 1722 2537 ad
1749 2498 2020 2556 generum
2053 2479 2171 2537 Ma-

231 2578 466 2636 milium
506 2575 809 2635 Octavium
853 2574 1167 2637 Tusculum
1207 2574 1367 2633 abiit.
1452 2574 1727 2635 Romanis
1774 2595 1887 2654 pax
1928 2575 2045 2635 fida
2087 2577 2171 2635 ita

233 2693 371 2733 cum
402 2672 660 2731 Porsena
690 2670 824 2729 fuit.
2189 2678 2264 2730 30

1117 2850 1271 2911 XVI

287 3007 470 3060 Appius
511 3006 641 3050 clan-
762 2960 1042 3021 Consules
1107 2962 1184 3021 M.
1217 2961 1483 3022 Valerius
1549 2962 1616 3022 P.
1642 2962 1991 3021 Postumius.
2082 2962 2171 3021 Eo

239 3075 345 3117 dius
374 3084 644 3117 removes
684 3078 836 3130 anuo
877 3058 1023 3117 bene
1063 3065 1387 3137 pugnatum
1429 3077 1561 3116 cum
1604 3057 1865 3130 Sabinis3
1911 3058 2173 3116 consules

238 3141 491 3259 {gmoffleh
505 3150 645 3248 2⁰22]
685 3154 1130 3232 triumpharunt.
1215 3154 1437 3232 Majore
1472 3154 1610 3211 inde
1641 3152 1792 3211 mole
1826 3153 2026 3212 Sabini
2058 3153 2151 3211 bel

241 3274 377 3317 hines
405 3277 455 3316 to
477 3274 640 3316 Rome.
684 3247 806 3307 lum
845 3250 1138 3328 parabant.
1221 3250 1517 3309 Adversus
1556 3270 1670 3323 eos»,
1701 3257 1761 3308 et
1801 3269 1874 3307 ne
1916 3250 2058 3328 quid
2104 3250 2175 3309 si·

242 3340 646 3452 ὣᾚῑῗῑᾟῗ
685 3346 804 3403 mul
847 3346 918 3403 ab
959 3345 1225 3417 Tusculo,
1262 3347 1416 3405 unde
1457 3347 1564 3405 etsi
1611 3366 1729 3405 non
1772 3354 2051 3425 apertum,
2088 3368 2175 3407 su·
2234 3351 2266 3402 5

241 3477 341 3519 rius
357 3477 647 3519 dies-war
687 3449 944 3519 spectum
979 3448 1171 3500 tamen
1205 3442 1419 3500 bellum
1454 3449 1590 3515 erat,
1621 3444 1905 3520 repentini
1938 3444 2176 3521 periculi

242 3543 360 3587 with
376 3544 452 3586 the
470 3544 652 3587 Aurun-
693 3544 959 3609 oreretur,
982 3538 1049 3596 P.
1075 3538 1340 3596 Valerius
1369 3544 1633 3614 quartum
1661 3538 1726 3597 T.
1752 3538 2049 3597 Lucretius
2075 3540 2177 3597 ite-

242 3608 302 3652 ⁰¹‘
686 3651 815 3689 rum
849 3632 1108 3690 consules
1140 3632 1299 3689 facti.
1385 3632 1624 3704 Seditio,
1649 3633 1799 3691 inter
1829 3632 1965 3689 belli
1998 3633 2177 3707 pacis-
2221 3638 2226 3642 '

245 3749 359 3809 que
389 3738 654 3791 auctores
688 3734 814 3787 orta
841 3728 902 3786 in
935 3727 1180 3796 Sabinis,
1203 3726 1560 3803 aliquantum
1588 3727 1723 3785 inde
1756 3728 1961 3784 virium
2000 3732 2169 3783 trans
