2459 3967
324 175 455 238 242
1146 194 1266 234 ‘rm
1303 193 1432 234 uvr
1885 170 2036 252 [Lm.
2055 175 2262 237 XXII.

322 343 487 408 teret,
508 342 827 394 moverunt.
895 335 1153 394 Monitos
1178 335 1354 394 etiam
1381 342 1555 414 atque
1581 336 1756 394 etiam
1783 342 1852 394 ut
1870 337 2153 414 promissa
2177 357 2266 396 re-
2433 307 2435 368 ¹

324 434 433 490 bus
464 432 848 504 adfirmarent,
869 433 1171 510 jussosque
1203 453 1336 490 cum
1363 433 1626 510 pluribus
1655 441 1718 492 et
1741 434 2030 512 aliquibus
2052 435 2265 513 princi-

323 550 465 608 pum
492 530 677 588 redire
704 530 781 588 ad
800 549 861 588 se
888 531 1124 591 dimisit,
1196 530 1330 608 Ipse
1355 531 1604 608 imperat
1621 530 1774 603 duci,
1791 539 1860 589 ut
1879 551 1940 589 se
1965 531 2028 589 in
2053 551 2262 609 agrum
2434 609 2435 612 Ἴ

324 628 651 685 Casinatem
680 627 870 699 ducat,
894 628 1133 686 edoctus
1158 648 1195 685 a
1217 629 1420 705 peritis
1452 629 1770 706 regionum,
1800 629 1850 686 si
1883 649 2016 688 eum
2048 629 2261 688 saltum
2433 617 2435 676 l

325 733 674 802 occupasset,
706 725 927 784 exitum
952 725 1219 784 Romano
1251 725 1330 783 ad
1355 745 1527 803 opem
1553 725 1854 784 ferendam
1885 727 2055 784 sociis
2087 727 2262 786 inter-
2279 736 2356 787 20
2433 741 2435 810 Α

324 822 631 880 clusurum.
712 821 831 880 Sed
855 821 1145 880 Punicum
1172 821 1484 882 abhorrens
1511 841 1580 880 os
1609 821 1682 880 ab
1710 821 2048 882 Latinorum
2073 824 2264 882 nomi-
2434 815 2435 826 ¹

322 939 466 978 num
493 919 813 997 prolatione
840 918 1157 976 Casilinum
1184 938 1292 996 pro
1319 917 1532 978 Casino
1559 918 1678 977 dux
1705 926 1774 977 ut
1797 919 2080 996 acciperet
2106 919 2260 994 fuit3

324 1037 665 1095 aversusque
705 1017 779 1074 ab
820 1035 925 1074 suo
964 1016 1185 1087 itinere,
1220 1035 1326 1093 per
1355 1015 1682 1074 Allifanum
1715 1015 2160 1095 Calatinumque
2201 1025 2264 1078 et

325 1115 603 1174 Calenum
631 1133 831 1190 agrum
860 1115 923 1170 in
950 1132 1219 1190 campum
1248 1111 1544 1170 Stellatem
1571 1113 1882 1172 descendit.
1965 1113 2089 1172 Ubi
2123 1134 2262 1174 cum

322 1210 621 1269 montibus
652 1209 1099 1287 fluminibusque
1136 1209 1386 1268 clausam
1417 1210 1712 1287 regionem
1743 1210 2258 1288 circumspexisset,
2282 1223 2359 1274 25
2433 1257 2435 1286 ἐ

324 1314 591 1366 vocatum
632 1308 837 1366 ducem
870 1314 1290 1384 percunctatur,
1324 1307 1427 1366 ubi
1458 1314 1735 1366 terrarum
1775 1315 1938 1366 esset.
2021 1307 2176 1368 Cum
2211 1310 2264 1368 is

324 1404 563 1463 Casilini
604 1424 673 1464 eo
714 1404 809 1462 die
848 1424 1181 1464 mansurum
1222 1424 1354 1462 eum
1397 1405 1650 1477 dixisset,
1684 1412 1812 1464 tum
1849 1405 2086 1464 demum
2127 1425 2266 1484 cog-

326 1502 481 1562 nitus
520 1508 609 1560 est
648 1520 819 1574 error,
854 1510 913 1560 et
957 1501 1232 1560 Casinum
1272 1501 1445 1578 longe
1484 1501 1622 1560 inde
1667 1501 1780 1560 alia
1818 1502 2051 1580 regione
2099 1523 2261 1577 esse3

324 1599 612 1677 virgisque
653 1619 801 1658 caeso
842 1598 987 1658 duce
1028 1607 1089 1658 et
1120 1600 1195 1658 ad
1226 1599 1578 1677 reliquorum
1610 1605 1886 1659 terrorem
1927 1601 1988 1658 in
2029 1619 2262 1661 crucem
2434 1677 2435 1680 Ἴ

324 1697 566 1769 sublatO,
603 1698 800 1756 castris
840 1697 1227 1769 communitiS,
1265 1695 1662 1756 Maharbalem·
1693 1717 1826 1756 cum
1867 1697 2161 1776 equitibus
2197 1700 2260 1758 in
2283 1709 2358 1760 30
2434 1701 2435 1738 ³

324 1815 524 1874 agrum
552 1794 853 1853 Falernum
881 1794 1202 1871 praedatum
1232 1793 1468 1854 dimisit.
1551 1793 1756 1872 Usque
1787 1794 1862 1852 ad
1889 1814 2064 1873 aquas
2091 1794 2265 1854 Sinu—
2434 1791 2435 1794 ’

322 1913 549 1952 essanas
575 1891 875 1970 populatio
904 1910 972 1948 ea
996 1891 1273 1968 pervenit.
1351 1890 1654 1968 Ingentem
1683 1891 1922 1964 cladem,
1943 1892 2148 1969 fugam
2176 1900 2264 1951 ta-

322 2011 457 2050 men
484 1998 871 2068 terroremque
898 1989 1069 2047 latius
1090 1987 1363 2046 Numidae
1391 1988 1681 2048 fecerunt:
1723 2009 1830 2048 nec
1849 1996 2043 2048 tamen
2071 1990 2122 2047 is
2149 1997 2263 2050 ter-

322 2108 433 2160 ror,
464 2107 596 2146 cum
630 2087 827 2148 omnia
856 2085 1008 2146 bello
1042 2085 1364 2163 flagrarent,
1393 2085 1508 2146 fide
1549 2087 1736 2146 socios
1768 2086 2030 2159 dimovit,
2061 2087 2262 2169 videli-

323 2191 414 2242 cet
449 2185 583 2262 quia
613 2183 771 2261 justo
813 2190 871 2242 et
904 2183 1202 2243 moderato
1235 2182 1580 2260 regebantur
1610 2185 1872 2262 imperi0,
1901 2204 2007 2243 nec
2047 2185 2261 2244 abnue—
2279 2192 2359 2245 35

320 2281 478 2353 bant,
510 2282 668 2359 quod
694 2301 874 2340 unum
903 2281 1194 2341 vinculum
1222 2279 1358 2339 fidei
1387 2287 1489 2354 est,
1518 2281 1854 2341 melioribus
1881 2301 2090 2360 parere.

370 2603 499 2646 Han
518 2615 549 2646 n
569 2603 628 2646 ib
642 2615 670 2646 a
686 2604 717 2656 1,
840 2577 930 2638 Ut
950 2598 1101 2653 verO,
1120 2587 1428 2659 postquam
1451 2580 1526 2638 ad
1541 2579 1898 2639 Vulturnum
1925 2576 2141 2636 flumen
2169 2597 2259 2636 ca-

320 2671 721 2782 ἓῖἶὲΰξῃῖἓᾶθξῗῖ
762 2681 877 2733 stra
898 2685 1033 2735 sunt
1048 2679 1253 2755 posita,
1271 2677 1611 2736 exurebatur
1625 2676 2046 2735 amoenissimus
2067 2674 2256 2733 Italiae

319 2751 463 2848 med?
483 2811 533 2849 to
563 2752 723 2850 ‹igme-
760 2791 896 2850 ager
927 2775 1190 2852 villaeque
1222 2775 1438 2853 passim
1479 2774 1760 2832 incendiis
1795 2772 2116 2844 fumabant,
2153 2791 2258 2849 per

320 2875 415 2916 tate
435 2875 525 2916 this
542 2877 633 2954 fine
652 2886 719 2917 re-
758 2868 899 2947 juga
926 2871 1154 2930 Massici
1181 2871 1398 2930 montis
1427 2871 1604 2930 Fabio
1633 2871 1893 2942 ducente,
1917 2876 2046 2927 tum
2072 2889 2257 2947 prope

318 2940 427 3050 ᾖξε
436 2942 721 3052 ῌέιζξὲῖἳζ
762 2966 833 3024 de
888 2967 1114 3046 integro
1170 2968 1378 3026 seditio
1435 2987 1682 3026 accensa.
1781 2966 1975 3036 Quieti
2023 2966 2258 3024 fuerant
2314 2981 2353 3030 5

318 3079 497 3130 matory
511 3079 717 3122 remarks
758 3065 911 3124 enim
939 3084 1043 3143 per
1068 3084 1283 3143 paucos
1311 3065 1449 3137 dice,
1475 3065 1626 3142 quia,
1657 3083 1788 3123 cum
1816 3063 2053 3122 celerius
2081 3062 2256 3120 solito

318 3143 371 3184 ⁰¹
382 3144 625 3187 Minucius.
760 3161 999 3220 ductum
1027 3181 1234 3238 agmen
1263 3167 1427 3234 esset,
1450 3161 1712 3219 festinari
1739 3160 1813 3218 ad
1833 3159 2257 3238 prohibendam

318 3257 789 3332 populationibus
823 3257 1197 3335 Campaniam
1241 3258 1613 3316 crediderant.
1695 3256 1786 3316 Ut
1812 3275 1946 3314 vero
1979 3257 2042 3314 in
2074 3263 2258 3314 extre-

320 3366 417 3404 ma
446 3350 586 3426 juga
617 3353 845 3412 Massici
876 3355 1093 3412 montis
1119 3361 1373 3426 ventum,
1404 3360 1463 3412 et
1494 3354 1690 3412 hostes
1731 3353 1836 3412 sub
1872 3353 2050 3411 oculis
2091 3359 2257 3411 erant

322 3438 543 3499 Falerni
577 3449 698 3521 agri
732 3449 1180 3527 colonorumque
1214 3450 1500 3508 Sinuessae
1534 3457 1688 3508 tecta
1718 3457 1963 3522 urenteS,
1993 3469 2098 3507 nec
2136 3450 2255 3507 ulla
2275 3456 2349 3508 10

323 3540 443 3589 erat
488 3541 707 3596 mentio
754 3561 983 3619 pugnae,
1016 3545 1051 3572 “
1070 3545 1480 3623 Spectatumne
1526 3546 1640 3604 huc
1657 3546 1690 3574 ’'
1725 3547 1916 3625 inquit
1964 3546 2254 3604 Minucius

326 3623 360 3650 “
380 3631 445 3680 ut
472 3645 592 3684 rem
620 3631 919 3694 fruendam
954 3641 1148 3712 oculis,
1172 3642 1456 3700 sociorum
1492 3643 1678 3700 caedes
1711 3649 1768 3700 et
1795 3643 2075 3714 incendia,
2099 3645 2254 3701 veni-

254 3729 259 3736 ·
325 3720 489 3776 mus?
569 3720 628 3779 N
628 3742 692 3780 ec
720 3726 769 3782 si
793 3730 1005 3790 nullius
1032 3735 1280 3810 alterius,
1304 3757 1412 3796 nos
1437 3757 1510 3796 ne
1537 3738 1750 3798 civium
1780 3739 2012 3816 quidem
2041 3739 2254 3798 horum
