2459 3967
903 252 1072 293 unna
1104 253 1371 294 conum
1412 254 1589 293 unm.
2074 234 2201 298 173

765 394 900 467 uod,
931 395 980 452 si
1027 394 1123 453 ille
1171 396 1403 467 viveret,
1434 392 1649 453 bellum
1697 394 1818 472 jam
1864 393 2205 452 haberemus

655 510 738 565 1s3
781 499 846 566 et„
859 491 1012 549 hunc
1037 492 1309 569 juvenem
1336 498 1634 569 tamquam
1660 492 1875 551 furiam
1902 492 2203 568 facemque

594 590 617 648 i
650 589 749 649 odi
790 608 855 647 ac
885 589 1156 648 detestor.
1242 589 1367 647 Nec
1400 588 1728 650 dedendum
1738 588 1947 677 „anglum
1980 589 2055 646 ad
2086 587 2203 665 pia—
2283 644 2289 651 .

271 689 466 749 culum
499 687 658 765 rupti
690 686 945 759 foederiS‚
969 685 1090 759 sed,
1113 686 1162 743 si
1193 705 1367 745 nemo
1397 686 1685 763 deposcat,
1710 668 2108 745 develien'dum
2142 686 2203 743 in

270 787 506 845 ultimas
547 785 722 842 maris
757 790 1152 861 terrarumque
1189 802 1335 856 oras,
1366 782 1747 861 ablegandum
1790 803 1875 856 e0,
1906 784 2059 842 unde
2100 802 2203 841 nec
2224 787 2299 840 45

272 884 346 941 ad
379 902 488 940 nos
524 900 738 939 nomen
775 881 1046 958 famaque
1079 878 1204 957 ejus
1242 880 1525 953 accedere,
1548 899 1733 957 neque
1764 881 1861 939 ille
1902 880 2205 939 sollicitare

275 980 486 1059 quietae
521 979 772 1055 civitatis
804 985 1018 1036 statum
1051 978 1253 1055 possit.
1285 971 1316 1025 ἶ»
1330 958 1466 1055 'Ego
1496 978 1583 1037 ita
1614 997 1834 1050 censeo,
1858 977 2077 1055 legatos
2115 997 2207 1035 ex-

272 1076 493 1155 templo
515 1074 764 1133 Romam
791 1075 1126 1147 mittendos,
1152 1076 1252 1152 qui
1282 1044 1503 1134 senatui
1532 1076 1899 1147 satisfaciant,
1924 1075 2085 1155 alios,
2098 1075 2206 1161 qui
2236 1099 2243 1107 ·

274 1173 592 1233 Hannibali
633 1174 918 1245 nuntient,
950 1180 1016 1231 ut
1057 1173 1369 1233 exercitum
1413 1172 1485 1231 ab
1530 1173 1789 1251 Sagunto
1986 1180 2092 1244 cat,
2121 1174 2207 1250 ip-

275 1290 516 1349 sumque
537 1270 923 1328 Hannibalem
952 1290 1021 1329 ex
1042 1271 1261 1329 foedere
1282 1270 1560 1329 Romanis
1587 1270 1699 1330 ded
1774 1277 1832 1329 t:
1874 1271 2104 1329 tertiam
2132 1269 2206 1329 le·
2226 1273 2301 1325 50

273 1364 571 1448 gaspnem
599 1367 674 1425 ad
700 1386 789 1425 res
817 1366 1154 1447 Saguntinis
1181 1369 1501 1430 reddendas
1528 1366 1825 1427 decem0.”

331 1502 394 1561 ⁸
1187 1547 1296 1607 XI.

323 1701 408 1743 Ἦ,
423 1711 450 1743 e
492 1701 681 1745 cartha-
802 1662 952 1725 Cum
973 1662 1186 1721 Hanno
1207 1668 1542 1741 perorasset,
1565 1662 1783 1720 nemini
1805 1662 2062 1720 omnium
2093 1680 2207 1720 cer-

275 1770 435 1823 ginian
465 1770 680 1814 Senate
718 1765 840 1831 tare
869 1759 1126 1819 oratione
1153 1779 1283 1817 cum
1312 1779 1383 1817 eo
1410 1778 1639 1817 necesse
1666 1757 1815 1816 fuit:
1858 1757 2002 1815 adeo
2024 1774 2205 1834 prope

275 1836 436 1946 25&ss
449 1837 680 1946 ἐέτῖἶῖζ
719 1856 910 1917 omnis
957 1862 1186 1916 senatus
1233 1855 1577 1913 Hannibalis
1626 1860 1779 1926 erat3
1828 1852 2207 1929 infestiusque

181 2007 186 2009 ,
276 1971 684 2023 saguntum-
719 1953 979 2011 locutum
1013 1951 1329 2029 arguebant
1355 1951 1705 2009 Hannonem
1741 1968 1913 2027 quam
1941 1948 2206 2007 Flaccum

273 2037 682 2145 ἓξὲθζέἑᾞθζὲῗ
722 2049 1017 2109 Valerium
1088 2048 1343 2127 legatum
1403 2047 1747 2105 Romanum.
1842 2045 2206 2123 Responsum
2266 2050 2301 2102 5

275 2170 684 2214 bassatium-At-
723 2146 858 2203 inde
884 2145 1088 2223 legatis
1116 2143 1393 2203 Romanis
1422 2150 1524 2215 est,
1547 2142 1761 2202 bellum
1790 2149 1982 2201 ortum
2010 2141 2082 2200 ab
2110 2141 2209 2201 Sa-

273 2237 388 2345 {32³
401 2237 683 2345 ssssezffn'
722 2242 980 2320 guntinis
1007 2260 1126 2299 non
1147 2241 1219 2299 ab
1242 2240 1569 2300 Hannibale
1596 2258 1751 2298 esse:
1793 2239 2074 2317 populum
2095 2239 2209 2297 Ro-

275 2368 531 2422 Desperate
548 2370 684 2422 fight.
721 2354 959 2397 manum
996 2337 1210 2415 injuste
1249 2338 1452 2409 facere,
1484 2338 1534 2395 si
1568 2336 1917 2415 Saguntinos
1948 2337 2209 2395 vetustis·
2270 2344 2281 2387 Ξ

275 2436 386 2489 ing
419 2446 494 2478 0¹²
526 2435 678 2479 both
721 2436 884 2493 simae
912 2434 1475 2513 Carthaginiensium
1505 2434 1764 2493 societati
1792 2441 2108 2513 praeponat.
2216 2347 2393 2607 ³}-

276 2502 417 2546 ⁸¹⁶⁸⁵⁶
801 2532 994 2601 Dum‚,
1007 2531 1261 2599 Romani
1306 2537 1537 2608 tempus
1582 2537 1777 2591 terunt
1824 2504 2208 2608 legationibus

275 2627 596 2700 mittendis,
627 2628 937 2701 Hannibal,
970 2628 1106 2706 quia
1136 2628 1352 2685 fessum
1390 2628 1634 2687 militem
1668 2628 1886 2705 proeliis
1921 2627 2212 2704 operibus·
2322 2700 2330 2707 ς
2438 2676 2440 2697 2

280 2744 392 2803 que
423 2724 688 2798 habebat,
713 2744 1028 2803 paucorum
1064 2724 1156 2782 his
1193 2724 1416 2782 dierum
1456 2725 1705 2801 quietem
1752 2724 1928 2798 dedit,
1954 2724 2213 2783 stationi-v
2328 2716 2333 2723 ’

277 2822 388 2881 bus
425 2822 501 2881 ad
536 2823 858 2884 custodiam
891 2823 1184 2881 vinearum
1221 2822 1576 2898 aliorumque
1618 2840 1856 2899 operum
1898 2822 2206 2899 dispositis,

280 2918 522 2978 Interim
555 2920 780 2977 animos
813 2938 1012 2979 eorum
1044 2938 1197 2977 nunc
1230 2919 1316 2979 ira
1346 2918 1408 2975 in
1441 2917 1636 2975 hostes
1669 2917 2034 2989 stimulando,
2059 2934 2211 2973 nunc

281 3037 382 3095 spe
423 3017 795 3095 praemiorum
837 3017 1113 3091 accendit.
1197 3006 1287 3075 Ut
1327 3034 1461 3073 vero
1502 3033 1607 3091 pro
1651 3014 1919 3071 contione
1956 3012 2210 3090 praedam
2233 3019 2305 3071 15

282 3122 468 3192 oaptae
487 3096 663 3189 ‘urbis
699 3113 882 3173 edixit
909 3092 1166 3171 militum
1203 3112 1347 3185 fore,
1378 3111 1522 3171 adeo
1564 3110 1785 3169 accensi
1819 3128 2019 3167 omnes
2060 3110 2209 3180 sunt,

281 3218 366 3285 ut,
392 3212 440 3269 si
479 3210 770 3287 extemplo
804 3211 1035 3288 signum
1069 3200 1271 3268 datum
1305 3216 1469 3281 esset,
1500 3208 1657 3267 nulla
1687 3208 1746 3267 vi
1782 3206 1969 3265 resisti
2000 3206 2215 3264 videre-

283 3315 378 3365 tur
409 3326 596 3385 posse.
679 3306 986 3385 Saguntini
1019 3314 1085 3365 ut
1117 3326 1152 3363 a
1190 3306 1409 3384 proeliis
1453 3307 1705 3384 quietem
1744 3303 2078 3375 habuerant,
2108 3322 2213 3362 nec

282 3404 622 3463 lacessentes
655 3423 760 3463 nec
792 3403 1039 3462 lacessiti
1072 3422 1175 3480 per
1207 3404 1428 3481 aliquot
1456 3404 1595 3475 dies,
1619 3403 1702 3461 ita
1732 3421 1849 3460 non
1877 3407 2064 3474 nocte,
2095 3389 2213 3457 non

285 3502 378 3561 die
410 3521 687 3580 umquam
725 3508 1080 3560 cessaverant
1111 3500 1184 3558 ab
1218 3520 1407 3577 opere,
1431 3507 1498 3558 ut
1530 3520 1745 3557 novum
1778 3518 2008 3557 murum
2042 3497 2114 3555 ab
2148 3516 2214 3553 ea
2233 3502 2305 3553 20

283 3605 462 3677 parte,
487 3616 602 3675 qua
627 3597 982 3676 patefactum
1012 3596 1294 3673 oppidum
1321 3595 1502 3652 ruinis
1530 3602 1665 3667 erat,
1690 3594 1999 3653 reficerent.
2070 3591 2213 3648 Inde

285 3696 645 3773 oppugnatio
688 3714 786 3753 eos
827 3694 1122 3771 aliquanto
1162 3691 1411 3749 atrocior
1452 3710 1625 3767 quam
1667 3697 1799 3749 ante
1843 3689 2045 3747 adorta
2088 3692 2211 3753 est;

284 3812 406 3867 nec,
435 3812 552 3871 qua
582 3792 836 3873 primum
877 3797 978 3849 aut
1008 3786 1375 3866 potissimum
1418 3793 1581 3863 parte
1612 3788 1830 3845 ferrent
1862 3802 2049 3859 opem,
2080 3795 2211 3837 cum
