2459 3967
245 1696 252 1699 .
338 1650 560 1703 tatore:
607 1644 758 1725 filius
797 1646 921 1723 ejus
958 1646 1228 1705 duumvir
1275 1648 1349 1705 ad
1382 1648 1445 1705 id
1481 1648 1673 1726 ipsum
1716 1656 1935 1707 creatus
1970 1650 2278 1710 dedicavit.

231 2606 250 2617 ⁵
338 2636 566 2695 quoque
595 2638 746 2675 anno
775 2638 907 2676 cum
928 2619 1172 2677 tribunis
1202 2625 1305 2677 est.
1377 2618 1547 2677 Vana
1572 2618 1680 2690 lex,
1704 2619 1949 2697 vanique
1976 2620 2120 2697 legis
2148 2641 2279 2679 auc-

347 226 470 289 138
1161 247 1278 288 ‘ru-1
1320 247 1447 287 L1v1
2023 227 2177 307 [Lm.
2202 232 2279 293 H.

341 390 478 441 AEqui
499 390 739 467 'defeated
785 390 1014 449 Volscis
1042 390 1382 467 AEquisque‚
1411 390 1659 449 militem
1693 391 1891 468 praeda
1922 391 2278 450 fraudavere.
2348 398 2381 448 5
2438 416 2443 427 ⁴

333 458 663 577 .t-„¹e'et‘2¹{3¹{‚¹;'2
687 458 742 566 3ss
787 484 1086 562 Quidquid
1113 493 1345 563 captum
1375 506 1445 545 ex
1472 486 1737 547 hostibus
1764 494 1867 560 est,
1888 488 2151 546 vendidit
2182 488 2284 545 Fa-

341 592 556 633 castor.
573 592 746 634 —War
788 581 916 639 bius
950 582 1149 639 consul
1185 602 1250 639 ac
1279 581 1501 660 redegit
1528 583 1591 641 in
1619 583 1932 661 publicum.
2020 584 2284 643 Invisum

341 659 742 777 mist-lxjhgpgffieng
783 685 904 735 erat
933 678 1172 736 Fabium
1202 698 1415 737 nomen
1443 678 1601 757 plebi
1628 687 1866 757 propter
1898 681 2283 739 novissimum

341 790 496 832 vesta}
533 756 739 844 Virgin,
787 774 1112 834 consulem:
1163 781 1397 834 tenuere
1444 782 1639 833 tamen
1688 783 1895 854 patres,
1932 784 2001 834 ut
2040 796 2175 835 cum
2212 777 2281 835 L.

340 858 616 977 ξῒέἒίξὲἓ
657 859 742 969 ἐξ
782 870 1026 929 AEmilio
1047 870 1224 929 Kaeso
1250 870 1457 929 Fabius
1479 872 1679 930 consul
1708 878 2005 931 crearetur.
2078 872 2169 931 Eo
2196 874 2286 931 in-
2308 882 2386 935 10

339 1002 455 1033 vow.
781 967 986 1025 festior
1007 968 1162 1025 facta
1183 967 1379 1045 plebes
1408 968 1692 1027 seditione
1723 969 2042 1027 domestica
2060 970 2284 1029 bellum

339 1069 638 1121 externum
661 1064 869 1122 excivit
891 1081 905 1136 3
947 1063 1098 1124 bello
1129 1064 1339 1123 deinde
1366 1064 1561 1123 civiles
1588 1065 1891 1123 discordiae
1912 1067 2279 1127 intermissae.

339 1160 478 1219 Uno
513 1162 705 1219 animo
739 1168 930 1239 patres
971 1180 1038 1220 ac
1070 1162 1267 1239 pleb'es
1308 1162 1645 1221 rebellantes
1678 1163 1925 1222 Volscos
1958 1171 2018 1223 et
2049 1166 2285 1243 AEquos

340 1258 484 1315 duce
517 1258 758 1317 AEmilio
792 1278 1064 1337 prospera
1104 1278 1301 1337 pugna
1334 1260 1531 1319 vicere.
1617 1259 1758 1319 Plus
1790 1268 1985 1319 tamen
2016 1262 2284 1321 hostium

339 1354 482 1431 fuga
499 1374 670 1431 quam
698 1356 968 1433 proelium
989 1356 1342 1435 absumpsit:
1386 1358 1531 1417 adeo
1553 1359 1920 1436 pertinaciter
1937 1359 2101 1416 fusos
2134 1361 2284 1419 inse-
2305 1366 2334 1416 1
2348 1366 2380 1415 5

339 1450 459 1507 cuti
489 1458 622 1508 sunt
651 1452 886 1530 equiteS.
959 1452 1214 1511 Castoris
1244 1454 1397 1513 aedes
1426 1454 1629 1513 eodem
1656 1474 1809 1513 anno
1840 1455 2040 1513 Idibus
2069 1455 2284 1525 Quinc-

338 1546 536 1605 tilibus
570 1548 835 1606 dedicata
866 1556 966 1608 est.
1051 1550 1210 1609 Vota
1244 1557 1367 1609 erat
1399 1550 1605 1609 Latino
1640 1550 1791 1609 bello
1820 1552 2128 1611 Postumio
2164 1554 2283 1612 dic-

339 1741 644 1801 Sollicitati
689 1750 747 1801 et
791 1762 880 1803 eo·
904 1762 1056 1801 anno
1101 1751 1237 1803 sunt
1282 1744 1584 1803 dulcedine
1630 1746 1864 1824 agrariae
1908 1746 2053 1825 legis
2098 1750 2281 1807 animi

337 1841 536 1919 plebis,
626 1840 868 1899 Tribuni
907 1840 1064 1919 plebi
1095 1841 1433 1920 popularem
1470 1849 1818 1921 potestatem
1851 1844 1977 1923 lege
2010 1846 2281 1925 populari
2301 1851 2375 1902 20
2440 1894 2442 1897 Α

338 1937 714 1997 celebrabant.
803 1938 1020 2010 PatreS,
1046 1938 1182 1995 satis
1219 1958 1503 2018 superque
1538 1940 1776 2017 gratuiti
1804 1941 2016 1998 furoris
2043 1942 2106 1999 in
2135 1944 2281 2001 mul-
2378 1934 2389 1943 ⁴

336 2036 585 2093 titudine
647 2035 941 2094 credentes
997 2053 1134 2107 esse,
1182 2026 1529 2114 largitiones
1568 2037 2020 2115 temeritatisque
2074 2040 2281 2097 invita-

335 2140 533 2191 menta
564 2132 886 2191 horrebant.
976 2131 1259 2191 Acerrimi
1292 2132 1552 2210 patribus
1586 2134 1759 2191 duces
1792 2135 1867 2193 ad
1894 2136 2278 2195 resistendum

337 2231 598 2288 consules
641 2231 817 2290 fuere.
905 2231 992 2289 Ea
1033 2230 1212 2309 igitur
1258 2249 1389 2307 pars
1432 2231 1515 2288 rei
1559 2231 1807 2308 publicae
1852 2233 2023 2305 vicit3
2069 2252 2173 2291 nec
2213 2235 2277 2291 in

336 2346 586 2403 praesens
628 2328 822 2401 modo,
854 2328 954 2387 sed
987 2328 1046 2385 in
1081 2328 1407 2385 venientem
1450 2328 1624 2385 etiam
1666 2348 1879 2387 annum
1914 2329 1992 2387 M.
2015 2330 2274 2403 Fabium,
2297 2338 2372 2389 25
2424 2358 2431 2363 >

335 2422 604 2481 Kaesonis
653 2425 908 2497 fratrem,
940 2431 998 2483 et
1046 2425 1233 2502 magis
1276 2424 1525 2482 invisum
1568 2425 1807 2483 alterum
1850 2426 2021 2504 plebi,
2054 2447 2279 2485 accusa-

337 2528 496 2577 tione
539 2520 635 2598 Sp.
659 2520 856 2594 Cassii‚
883 2521 944 2579 L.
965 2521 1263 2581 Valerium
1300 2520 1560 2579 consules
1602 2521 1778 2580 dedit.
1864 2522 2160 2581 Certatum
2204 2544 2276 2583 eo

335 2722 504 2787 toreS,
535 2714 805 2792 jactando
844 2715 1069 2775 irritum
1112 2736 1338 2788 munna
1372 2716 1529 2774 facti.
1617 2715 1855 2773 Fabium
1890 2717 2025 2775 inde
2058 2738 2275 2777 nomen

335 2812 538 2890 ingens
570 2820 704 2891 post
737 2820 852 2871 tres
896 2815 1200 2873 continuos
1244 2811 1587 2884 consulatuS,
1619 2832 1851 2889 unoque
1884 2814 2041 2871 velut
2073 2822 2273 2875 tenore
2296 2824 2370 2876 30

335 2930 535 2969 omnes
569 2919 834 2989 expertos
867 2911 1186 2970 tribuniciis
1229 2911 1653 2983 certaminibus,
1682 2911 1962 2969 habitum.
2050 2912 2271 2991 Itaque,

333 3017 400 3069 ut
421 3010 566 3069 bene
589 3008 824 3082 locatus,
846 3010 1058 3067 mansit
1079 3009 1140 3067 in
1163 3028 1230 3067 ea
1258 3008 1479 3067 familia
1500 3008 1855 3087 aliquamdiu
1876 3008 2077 3067 honos,
2140 3010 2276 3068 Bel-

332 3108 452 3166 lum
502 3108 638 3166 inde
679 3107 896 3188 Veiens
937 3105 1186 3178 initum3
1246 3112 1305 3163 et
1346 3106 1545 3165 Volsci
1594 3105 1953 3164 rebellarunt.
2040 3106 2157 3163 Sed
2196 3108 2275 3165 ad

332 3204 482 3261 bella
531 3212 766 3262 externa
820 3222 1001 3282 prope
1051 3209 1385 3279 supererant
1424 3203 1609 3275 vires3
1659 3202 2155 3281 abutebanturque
2197 3204 2274 3262 iis

333 3300 482 3356 inter
521 3308 701 3357 semet
743 3302 900 3377 ipsos
942 3299 1229 3357 certando,
1315 3298 1621 3357 Accessere
1662 3300 1738 3357 ad
1779 3320 1960 3379 aegras
1996 3302 2116 3379 jam
2150 3320 2274 3359 om·
2293 3310 2365 3361 35

333 3395 492 3449 nium
531 3401 752 3452 mentes
792 3397 1058 3473 prodigia
1099 3396 1366 3467 coelestia,
1398 3416 1579 3474 prope
1622 3398 1987 3475 quotidianas
2026 3400 2087 3457 in
2128 3398 2271 3457 urbe

335 3490 598 3565 agrisque
641 3493 990 3549 ostentantia
1025 3493 1226 3551 minas.
1313 3492 1575 3571 Motique
1618 3494 1703 3551 ira
1742 3496 1997 3554 numinis
2039 3516 2269 3557 causam

335 3584 550 3639 nullam
585 3583 756 3641 aliam
790 3594 948 3644 vates
981 3589 1279 3661 canebant,
1304 3590 1533 3667 publice
1566 3592 1965 3670 privatimque,
1990 3613 2145 3653 nunc
2178 3614 2273 3652 ex-

335 3677 428 3747 tis,
453 3696 605 3735 nunc
639 3698 743 3755 per
767 3699 900 3739 aves
927 3684 1191 3756 consulti,
1219 3704 1391 3763 quam
1421 3686 1577 3744 haud
1604 3688 1711 3746 rite
1746 3708 1902 3747 sacra
1929 3689 2067 3749 fieri.
2154 3691 2271 3761 Qui

335 3776 578 3829 terrores
606 3778 798 3831 tamen
833 3794 901 3833 co
929 3795 1170 3852 evasere,
1195 3787 1262 3840 ut
1290 3781 1498 3860 Oppia,
1518 3784 1681 3861 virgo
1704 3785 1971 3859 Vestalis,
1996 3788 2271 3848 damnata
2287 3794 2360 3847 40

336 3864 538 3926 incesti
565 3885 766 3939 [venas
793 3867 1030 3930 dederit.
2432 3864 2443 3939 l
