2459 3967
360 229 487 291 260
1174 247 1290 286 rm
1331 247 1456 286 mvl
1913 223 2069 304 [Lm.
2093 228 2304 288 XXII.

359 394 413 434 or
430 395 505 434 me
528 405 654 445 army
676 405 757 434 ¹1¹¹-
799 390 1030 468 prendit
1062 391 1300 448 fortuna
1329 390 1730 448 temeritatem.
1815 389 1995 448 Fabio
2031 397 2306 468 aequatus

360 462 441 500 der
487 462 559 501 his
606 473 629 502 c
648 473 676 501 o
694 473 757 501 m·
806 489 817 499 .
991 488 1002 498 .
1290 489 1302 499 .
1709 487 1720 498 .

360 527 761 569 maud.—11anni·
802 507 1047 564 lmperio
1106 487 1494 545 Hannibalem
1555 496 1616 544 et
1667 495 1880 545 virtute
1939 495 2002 545 et
2054 488 2307 545 fortuna

360 594 433 634 bal
454 595 627 636 sounds
646 605 673 636 a
692 606 760 636 re·
802 586 1154 662 superiorem
1207 585 1384 643 videt.
1469 584 1585 642 Sed
1639 584 1798 642 aliud
1851 583 2128 661 jurgandi
2177 604 2308 642 8110-

360 659 762 778 &igin-naeus
804 683 1186 760 censendique
1235 690 1467 760 tempus
1515 681 1661 739 erit:
1717 700 1870 740 nunc
1919 682 2088 758 signa
2136 688 2309 739 extra

360 793 433 834 hia
462 797 619 845 troops
645 794 762 835 aner
802 780 1013 838 vallum
1062 779 1335 856 proferte.
1421 779 1742 837 Victoriam
1790 778 1948 836 hosti
1995 786 2308 855 extorque-

360 861 761 980 {hx-eozczigz’smig
802 898 983 948 amuS,
1034 877 1457 934 confessionem
1519 877 1725 934 erroris
1784 875 2059 934 civibus.”
2161 877 2202 935 J
2205 897 2304 934 am

362 998 383 1037 t
400 995 431 1036 h
448 1005 475 1036 e
492 1006 540 1036 m
582 998 631 1038 to
660 995 761 1044 join
803 995 1015 1054 magna
1056 995 1125 1032 ex
1166 981 1328 1052 parte
1370 975 1533 1032 caesis
1581 974 1724 1046 aliis,
1755 974 1880 1032 aliis
1921 975 2307 1053 circumspec-
2329 977 2399 1029 10

359 1063 663 1170 ἓξιῗὲρῖζῗζ
676 1063 761 1169 ¹³⁸ss
801 1073 1057 1132 tantibus
1098 1073 1318 1149 fugam,
1350 1071 1602 1129 Fabiana
1643 1091 1703 1129 se
1743 1072 1892 1130 acies
1931 1080 2172 1148 repente
2214 1093 2309 1131 ve-

360 1159 760 1238 mtessdstosaluae
802 1171 889 1229 lut
925 1170 1070 1228 coelo
1112 1169 1360 1227 demissa
1399 1169 1474 1226 ad
1511 1168 1784 1226 auxilium
1829 1169 2100 1227 ostendit.
2191 1168 2310 1227 Ita-

362 1273 414 1302 88
466 1272 493 1303 ⁸
540 1273 570 1314 P
588 1266 763 1303 ΗΘΜ
806 1287 933 1345 que,
962 1267 1296 1344 priusquam
1340 1265 1415 1323 ad
1448 1265 1776 1342 conjectum
1807 1265 1910 1323 teli
1942 1265 2167 1323 veniret
2203 1273 2310 1324 aut

362 1329 452 1369 and
474 1329 710 1370 deliverer.
804 1383 1041 1422 manum
1075 1369 1410 1433 consereret,
1435 1369 1498 1420 et
1523 1382 1658 1420 suos
1689 1381 1724 1419 a
1749 1362 1893 1439 fuga
1919 1362 2106 1420 effusa
2135 1370 2202 1420 et
2231 1363 2308 1421 ab

362 1461 537 1518 nimis
562 1461 743 1520 feroci
770 1481 969 1540 pugna
993 1460 1189 1518 hostes
1224 1460 1527 1517 continuit.
1611 1458 1726 1527 Qui
1760 1459 1962 1516 solutis
1995 1459 2308 1518 ordinibus
2330 1466 2398 1517 15

361 1578 505 1636 vage
540 1559 801 1637 dissipati
835 1566 1011 1629 erant,
1044 1557 1300 1634 undique
1337 1557 1725 1634 confugerunt
1757 1556 1831 1613 ad
1863 1555 2149 1634 integram
2192 1559 2310 1616 aci-

363 1675 493 1730 em3
540 1658 639 1735 qui
682 1657 875 1734 plures
920 1655 1089 1713 simul
1134 1662 1298 1732 terga
1341 1654 1634 1726 dederant,
1665 1654 1924 1712 conversi
1967 1654 2029 1711 in
2066 1654 2306 1714 hostem

362 1755 767 1833 volventesque
802 1753 1017 1825 orbem,
1047 1771 1199 1809 nunc
1243 1752 1456 1808 sensim
1487 1751 1698 1809 referre
1730 1751 1938 1828 pedem
1972 1769 2128 1809 nunc
2167 1773 2309 1811 con-

362 1853 583 1931 globati
610 1859 836 1912 restare.
920 1850 1011 1908 Ac
1038 1850 1157 1927 jam
1186 1869 1368 1926 prope
1397 1868 1513 1906 una
1539 1849 1688 1906 acies
1713 1848 1871 1906 facta
1897 1855 2020 1906 erat
2049 1851 2191 1908 victi
2221 1859 2308 1909 at-

364 1972 474 2029 que
515 1951 725 2029 integri
766 1949 1061 2020 exercitae,
1098 1946 1536 2024 inferebantque
1579 1947 1743 2024 signa
1783 1946 1843 2004 in
1883 1946 2130 2019 hostem,
2163 1967 2302 2005 cum
2325 1955 2394 2006 20

361 2050 580 2108 Poenus
614 2048 869 2126 receptui
902 2046 1125 2117 cecinit,
1150 2045 1340 2121 palam
1372 2044 1596 2103 ferente
1629 2043 1956 2102 Hannibale
1990 2044 2062 2102 ab
2097 2064 2156 2103 se
2193 2045 2306 2104 Mi-

362 2148 614 2218 nucium,
640 2166 699 2204 se
727 2145 799 2203 ab
829 2144 1007 2202 Fabio
1035 2143 1270 2200 victum.

444 2243 535 2301 Ita
560 2263 663 2320 per
689 2242 903 2300 variam
930 2242 1226 2298 fortunam
1255 2238 1372 2296 diei
1399 2238 1620 2316 majore
1645 2245 1807 2316 parte
1835 2246 2047 2312 exacta,
2072 2259 2208 2298 cum
2237 2241 2302 2297 in

364 2345 547 2396 castra
578 2339 829 2396 reditum
862 2344 1025 2407 esset,
1058 2336 1363 2406 Minucius,
1395 2336 1723 2394 convocatis
1759 2336 2042 2394 militibus
2073 2338 2108 2364 “
2127 2337 2304 2415 Saepe

364 2455 473 2512 ego
491 2434 525 2462 ”
561 2435 753 2511 inquit
786 2434 819 2462 ‘⁴
839 2433 1049 2504 audivi,
1080 2433 1311 2505 milites,
1342 2451 1476 2490 eum
1517 2433 1770 2510 primum
1803 2452 1924 2491 esse
1957 2435 2162 2506 virum,
2197 2437 2302 2512 qui
2321 2443 2390 2493 25

362 2533 487 2609 ipse
520 2531 781 2589 consulat
808 2531 949 2608 quid
981 2531 1041 2587 in
1074 2549 1193 2588 rem
1230 2529 1323 2601 sit,
1348 2531 1663 2587 secundum
1697 2550 1829 2588 eum
1864 2532 1964 2609 qui
1997 2531 2144 2590 bene
2175 2552 2304 2590 mo-

363 2628 526 2686 nenti
556 2627 815 2685 obediat:
852 2627 951 2704 qui
980 2647 1085 2685 nec
1112 2628 1237 2705 ipse
1264 2627 1556 2684 consulere
1584 2646 1690 2685 nec
1719 2627 1881 2686 alteri
1909 2647 2106 2705 parere
2135 2630 2295 2700 sciat,

364 2745 497 2783 eum
526 2725 766 2784 extremi
798 2725 1017 2802 ingenii
1050 2744 1184 2782 esse.
1271 2723 1458 2781 Nobis
1486 2724 1758 2802 quoniam
1787 2725 1976 2802 prima
2007 2726 2187 2783 animi
2216 2727 2300 2783 in-

364 2822 633 2901 geniique
662 2829 869 2899 negata
896 2841 1018 2880 sors
1046 2829 1148 2894 est,
1174 2822 1483 2880 secundam
1511 2841 1576 2880 ac
1603 2822 1854 2880 mediam
1884 2830 2198 2896 teneamus,
2221 2831 2296 2896 et,

365 2923 504 2980 dum
534 2921 812 2999 imperare
840 2920 1130 2992 discimus,
1154 2938 1352 2997 parere
1380 2919 1651 2996 prudenti
1683 2920 1746 2976 in
1775 2920 2032 2977 animum
2067 2921 2300 2979 induca-
2318 2929 2384 2981 30

364 3040 509 3080 111118.
595 3018 797 3076 Castra
844 3038 975 3076 011111
1026 3016 1202 3074 Fabio
1259 3016 1605 3094 jungamus:
1657 3016 1730 3074 ad
1779 3017 2115 3094 praetorium
2173 3019 2300 3096 ejus

366 3118 531 3195 signa
570 3135 702 3174 cum
744 3115 1169 3186 contulerimus
1201 3112 1302 3170 ubi
1336 3132 1444 3191 ego
1487 3133 1618 3171 eum
1652 3119 1876 3190 patrem
1917 3114 2297 3192 appellaver0‚

368 3215 526 3292 quod
559 3211 837 3271 beneficio
871 3212 996 3289 ejus
1029 3230 1164 3288 erga
1194 3230 1304 3268 nos
1336 3231 1402 3268 ac
1433 3210 1734 3288 majestate
1768 3211 1893 3288 ejus
1920 3211 2162 3289 dignum
2195 3221 2297 3285 est,

366 3329 487 3380 VOS,
511 3309 741 3381 militeS‚
766 3329 880 3380 008,
907 3328 1151 3386 quorum
1179 3328 1284 3366 vos
1311 3309 1489 3366 modo
1523 3328 1695 3380 arma,
1720 3309 1987 3381 dexterae,
2012 3316 2299 3383 texerunt,

366 3410 640 3478 patronos
674 3405 1009 3478 salutabitis,
1040 3413 1115 3477 et,
1148 3407 1195 3462 si
1228 3405 1372 3462 nihil
1405 3405 1578 3478 aliud,
1608 3412 1904 3482 gratorum
1941 3412 2094 3464 certe
2132 3408 2301 3467 nobis
2319 3417 2384 3468 35

369 3496 689 3554 animorum
722 3500 965 3575 gloriam
1000 3502 1121 3560 dies
1152 3501 1250 3560 hic
1283 3501 1560 3561 dederit.”

2365 491 2396 540 U!
