2459 3967
182 187 333 248 cst.
354 181 651 268 XXXII]
759 206 837 246 AB
880 205 1039 246 nans:
1084 205 1348 246 connum
1391 208 1564 246 maru.
1994 188 2122 250 263

1022 427 1283 486 XXXII.

237 568 279 610 Τ
293 569 325 610 11
337 578 364 609 e
406 566 591 610 consuls
714 540 1008 614 Consules,
1024 541 1242 599 Atilius
1265 541 1534 615 Fabiano,
1549 539 1830 602 Geminus
1851 541 2126 602 Servilius

186 636 371 746 *31ζῖζὶ
372 634 598 752 ἓξὲξ
638 637 968 696 Minuciano
1008 639 1260 697 exercitu
1299 645 1552 716 accepto,
1583 637 1966 698 hibernaculis
2008 660 2128 698 ma„

190 769 365 819 aeived,
386 769 467 810 the
509 768 597 809 ror-
637 742 763 794 ture
792 735 1163 794 communitis
1182 730 1466 810 (medium
1493 737 1756 794 autumni
1785 735 1931 814 erat)
1963 737 2128 798 Fabii

191 847 291 878 mer
324 836 405 910 the
438 845 597 886 army
639 831 857 890 artibus
890 851 1023 889 cum
1056 850 1282 889 summa
1313 832 1463 889 inter
1489 851 1548 890 se
1577 833 1885 890 concordia
1911 833 2126 892 bellum

192 904 247 945 or
294 902 477 952 Fatuus,
518 902 596 943 the
1743 929 1756 942 ,
1992 930 2002 942 ,
2109 932 2120 944 ⁸

192 971 333 1012 hm„
382 969 484 1010 that
538 970 589 1009 or
638 935 948 1006 gesserunt.
1048 927 1486 986 Frumentatum
1529 935 1761 987 exeunti
1810 930 2126 988 Hanmbah
2187 937 2221 989 5

194 1036 441 1086 Minucius,
466 1047 596 1087 carry
637 1025 875 1082 diversis
902 1024 1043 1082 locis
1076 1025 1392 1102 opportuni
1427 1024 1678 1098 aderant,
1704 1031 2000 1103 carpentes
2033 1045 2129 1103 ag-

195 1115 259 1213 ἓξ
255 1181 275 1211 r
278 1104 388 1222 (1*ξὲθὲ
402 1113 499 1210 ἵζ’
518 1113 598 1210 ἓξ
638 1140 772 1180 men
821 1121 1155 1198 palatosque
1210 1121 1596 1199 excipientes3
1646 1123 1708 1179 in
1763 1142 1957 1180 casum
2005 1123 2130 1180 uni-

196 1237 333 1290 plans
344 1236 397 1277 or
408 1235 593 1277 Fabius.
638 1235 815 1276 versae
850 1217 1254 1290 dimicationis»,
1280 1237 1452 1296 quam
1487 1219 1756 1277 omnibus
1789 1219 2006 1277 artibus
2033 1239 2130 1297 pe-

196 1305 452 1415 {inunge}
466 1302 603 1412 ¹252
642 1314 805 1373 tebat
843 1314 1043 1386 hostis,
1081 1333 1199 1373 non
1241 1314 1583 1374 veniebant:
1634 1316 1890 1395 adeoque
1931 1316 2130 1395 inopia

198 1437 595 1492 provisions.
639 1418 727 1469 est
753 1418 984 1470 coactus
1011 1411 1321 1484 Hannibal,
1347 1418 1429 1484 ut,
1454 1412 1566 1471 nisi
1593 1432 1725 1472 eum
1752 1414 1912 1491 fugae
1941 1415 2128 1492 specie
2150 1417 2223 1470 10

198 1503 601 1610 -Ambassaqors
642 1507 969 1568 abeundum
1002 1507 1308 1580 timuisset,
1339 1507 1585 1566 Galliam
1624 1511 1970 1587 repetiturus
2009 1511 2130 1569 fue-

199 1570 603 1690 ffssnmgrffissyssofdff
642 1605 735 1678 rit,
757 1604 914 1662 nulla
946 1604 1143 1662 relicta
1176 1623 1278 1683 spe
1309 1604 1501 1664 alendi
1533 1606 1814 1664 exercitus
1845 1607 1906 1664 in
1940 1609 2023 1665 eis
2049 1609 2130 1666 lo-

199 1713 263 1764 en
326 1707 495 1756 paterae
554 1707 605 1746 ³0
644 1702 744 1774 cis,
766 1701 814 1758 si
846 1701 1211 1779 insequentes
1239 1701 1500 1760 consules
1527 1702 1740 1762 eisdem
1771 1703 1990 1761 artibus
2015 1703 2132 1763 bel-

200 1774 603 1892 Ξὲῃιζζίζζρζξ,
640 1799 761 1858 lum
790 1805 1066 1876 gererent.

201 1909 265 1950 lic
308 1911 527 1960 treamry.
554 1931 606 1940 —
725 1896 874 1955 Cum
914 1897 989 1954 ad
1020 1896 1370 1955 Gereonium
1403 1896 1522 1974 jam
1557 1895 1746 1954 hieme
1777 1895 2130 1974 impediente
2152 1901 2226 1954 15

201 1975 603 2090 'tll'ss‘l’lksufessnflfuss
643 1994 996 2052 constitisset
1026 1993 1254 2065 bellum,
1280 1992 1648 2070 Neapolitani
1679 1993 1856 2070 legati
1884 1993 2131 2052 Romam

202 2118 226 2150 r
240 2116 303 2148 ee
317 2107 456 2148 eive
498 2106 606 2158 only
647 2109 865 2149 venere.
949 2089 1047 2148 Ab
1102 2090 1175 2147 iis
1235 2088 1616 2167 quadraginta
1673 2097 1886 2167 paterae
1946 2108 2134 2147 aureae

202 2187 309 2218 ⁰¹¹⁰·
642 2187 843 2264 magni
890 2186 1163 2264 ponderis
1215 2185 1278 2242 in
1327 2186 1544 2245 curiam
1592 2185 1784 2258 illatae,
1825 2193 1996 2265 atque
2050 2186 2135 2245 ita

204 2283 377 2343 verba
408 2283 580 2356 facta,
610 2290 679 2342 nt
709 2284 993 2366 dicerent,
1012 2283 1154 2342 scire
1193 2303 1314 2342 sese
1350 2283 1554 2362 populi
1586 2283 1836 2342 Romani
1871 2284 2133 2342 aerarium

201 2381 357 2441 bello
391 2381 711 2453 exhauriri3
756 2387 831 2453 et,
862 2399 993 2438 cum
1027 2379 1193 2458 juxta
1229 2399 1335 2458 pro
1377 2381 1614 2440 urbibus
1655 2381 1918 2460 agrisque
1957 2382 2134 2440 socio·
2152 2386 2228 2439 20

202 2499 333 2538 rum
378 2497 445 2538 ac
487 2498 595 2557 pro
640 2478 827 2556 capite
872 2485 1044 2556 atque
1088 2497 1215 2536 arce
1253 2478 1455 2550 Italiae,
1487 2479 1626 2538 urbe
1663 2479 1927 2538 Romana
1963 2486 2134 2557 atque

202 2576 465 2654 imperiO,
495 2584 739 2654 geratur,
772 2594 1002 2654 aequum
1036 2575 1322 2633 censuisse
1355 2575 1414 2632 N
1415 2577 1782 2654 eapolitanoS‚
1815 2577 1972 2656 quod
2013 2577 2136 2635 auri

203 2671 317 2730 sibi
342 2691 475 2730 cum
504 2671 579 2728 ad
604 2671 954 2750 templorum
984 2678 1248 2730 ornatum
1279 2677 1404 2729 tum
1433 2672 1508 2730 ad
1535 2673 1852 2732 subsidium
1881 2675 2134 2732 fortunae

203 2788 240 2826 a
278 2767 595 2846 majoribus
627 2769 889 2827 relictum
924 2770 1094 2841 foret,
1126 2789 1195 2827 eo
1236 2769 1434 2847 juvare
1474 2769 1753 2847 populum
1787 2771 2131 2829 Romanum.

202 2865 267 2924 Si
303 2884 473 2943 quam
512 2884 681 2943 opem
716 2866 778 2922 in
814 2885 933 2924 sese
966 2867 1277 2938 crederent,
1308 2867 1513 2924 eodem
1547 2857 1738 2924 studio
1771 2867 1949 2924 fuisse
1984 2867 2135 2925 obla·
2153 2873 2230 2925 25

200 2969 381 3022 turos.
458 2961 701 3021 Gratum
730 2963 842 3020 sibi
866 2970 1057 3040 patres
1084 2963 1380 3021 Romanos
1405 2962 1800 3040 populumque
1826 2963 2132 3035 facturum,

202 3058 253 3116 si
304 3077 505 3118 omnes
558 3078 649 3141 res
704 3058 1217 3136 Neapolitanorum
1274 3078 1403 3116 suas
1457 3057 1769 3129 duxissent,
1814 3056 2136 3134 dignosque

199 3155 585 3233 judicaverint
622 3155 694 3214 ab
740 3155 948 3233 quibus
980 3155 1217 3227 donum,
1249 3155 1442 3212 animo
1483 3173 1550 3214 ac
1583 3153 1876 3212 voluntate
1916 3169 2133 3227 eorum,

202 3252 303 3330 qui
336 3251 585 3310 libentes
617 3251 835 3324 darent,
866 3271 1039 3330 quam
1070 3271 1131 3308 re
1167 3249 1358 3328 majus
1390 3250 1764 3329 ampliusque,
1795 3249 2131 3328 acciperent.

201 3347 435 3426 Legatis
462 3347 667 3424 gratiae
700 3352 843 3404 actae
877 3367 985 3424 pro
1016 3347 1413 3406 munificentia
1439 3367 1684 3425 curaque
1708 3365 1722 3421 3
1765 3355 1978 3426 patera,
2005 3367 2133 3426 quae
2156 3359 2230 3410 30

199 3445 476 3523 ponderis
508 3443 739 3501 minimi
770 3445 901 3517 fuit,
927 3450 1173 3523 accepta.
1700 3498 1710 3508 ‚
1740 3491 1761 3502 .-
1791 3483 1881 3516 :7-
1926 3490 1938 3496 -
1964 3497 2027 3524 -·..

1745 3539 1764 3550 ι’
1793 3537 1810 3553 ‘2

1781 3560 1790 3568 .

1401 3557 1746 3714 0332
1791 3531 2277 3723 {RJSN

1401 3697 2232 3826 ‘mursasirr

1473 3845 1606 3933 CA
1633 3901 1674 3934 o·
1703 3841 1940 3933 ..033⁹-
1968 3829 2201 3933 §.KQ-4

1677 3547 1690 3556 .
1721 3539 1738 3546 -
