2459 3967
307 189 392 251 26
1131 206 1247 246 ‘rm
1290 206 1415 246 mvr
2014 181 2248 263 [Pam.

309 370 409 407 ora
434 350 625 407 faciat.
711 349 788 407 Et
815 348 864 407 si
893 348 984 407 cui
1017 348 1237 427 populo
1264 348 1433 407 licere
1462 354 1692 426 oportet
1718 367 2045 407 consecrare
2075 349 2251 425 origi-

309 468 410 505 nes
437 467 567 504 suas
595 454 654 505 et
680 447 755 505 ad
776 446 914 504 deos
942 446 1152 504 referre
1181 452 1456 517 auctores,
1482 464 1549 503 ea
1576 444 1711 503 belli
1736 445 1923 523 gloria
1948 451 2035 503 est
2062 465 2251 522 popu-

269 588 288 603 .
307 544 367 602 lo
389 516 788 629 ,Βοωειιιοξχιιη
817 556 966 623 cum:
983 551 1150 600 suum
1184 542 1613 619 conditorisque
1646 543 1736 601 sui
1768 550 2065 620 parentem
2099 542 2251 600 Mar-

307 617 464 701 tem.
446 634 841 718 potissimum
825 616 1042 711 derat,
1044 647 1164 697 tam
1193 646 1253 697 et
1280 639 1391 697 hoc
1424 646 1625 716 gentes
1652 640 1917 697 humanae
1953 639 2251 717 patiantur
2440 580 2443 677 Ι

293 758 519 834 3112an
523 738 753 810 animo
761 756 932 815 quam
959 736 1283 822 jsnperium
1324 737 1637 812 patiuntur.
1732 736 1848 795 Sed
1888 737 2013 795 haec
2055 744 2114 795 et
2152 737 2253 795 his
2274 748 2359 799 30

178 832 204 882 ι’
215 849 226 863 ‘
246 834 276 885 '-
293 810 553 892 :simnia-
534 829 908 911 -utcumque
890 824 1289 891 animadversa
1315 840 1415 890 aut
1442 834 1769 891 existimata
1794 840 1978 907 erunt,
2001 833 2205 891 haud
2188 854 2252 891 m

193 972 200 977 -
311 950 526 1009 magno
569 932 836 1009 equidem
877 950 1091 1008 ponam
1135 928 1479 987 discrimine.
1573 930 1672 988 Ad
1712 930 1811 987 illa
1850 930 1997 987 mihi
2038 949 2141 1007 pro
2188 951 2254 989 se

314 1030 554 1107 quisque
596 1029 800 1087 acriter
839 1027 1103 1085 intendat
1140 1026 1415 1099 animum,
1442 1046 1571 1103 quae
1608 1027 1740 1099 vita,
1774 1027 1873 1104 qui
1906 1047 2094 1085 mores
2126 1028 2256 1085 fue-

312 1128 466 1198 rint3
509 1145 612 1203 per
647 1146 790 1203 quos
817 1126 984 1197 νὶτοε,
1011 1124 1333 1203 quibusque
1366 1124 1599 1197 artibuS,
1625 1125 1786 1182 domi
1817 1124 2156 1202 militiaeque
2192 1134 2257 1183 et

313 1230 544 1305 partum
586 1229 644 1280 et
685 1229 916 1280 auctum
951 1221 1259 1299 imperium
1294 1222 1404 1279 sit:
1448 1220 1676 1280 labente
1719 1221 1928 1280 deinde
1968 1222 2253 1299 paulatim
2274 1236 2360 1288 35

315 1319 632 1396 disciplina,
670 1318 826 1375 velut
871 1318 1195 1376 desidentes
1240 1319 1430 1395 primo
1478 1339 1667 1377 mores
1717 1326 1986 1397 sequatur
2034 1320 2253 1393 anim0,

316 1416 524 1474 deinde
551 1423 617 1473 ut
649 1416 833 1492 magis
866 1416 1162 1493 magisque
1189 1415 1337 1493 lapsi
1367 1416 1497 1487 sint,
1519 1424 1644 1474 tum
1672 1417 1754 1474 ire
1792 1417 2070 1494 coeperint
2107 1435 2257 1493 prae-

317 1513 534 1591 cipiteS‚
567 1513 749 1570 donec
788 1513 862 1570 ad
894 1512 1020 1570 haec
1052 1519 1331 1590 tempora,
1358 1513 1565 1590 quibus
1602 1532 1706 1571 nec
1738 1514 1881 1571 vitia
1916 1520 2113 1571 nostra
2142 1532 2255 1571 nec

315 1610 568 1668 remedia
599 1610 722 1687 pati
750 1630 1072 1687 possumus,
1096 1616 1436 1687 perventum
1471 1617 1572 1669 est.
1657 1610 1789 1667 Hoc
1819 1609 1963 1668 illud
1994 1618 2081 1668 est
2109 1630 2256 1687 prae-

317 1708 484 1785 cipue
525 1709 586 1765 in
628 1708 958 1789 cognitione
999 1726 1187 1768 rerum
1223 1706 1445 1785 salubre
1478 1727 1543 1765 ac
1575 1707 1940 1785 frugiferum,
1971 1708 2158 1766 omnis
2194 1714 2253 1766 te
2272 1722 2357 1775 40
2441 1752 2442 1769 ἢ

317 1805 565 1883 exempli
611 1804 958 1863 documenta
997 1803 1057 1860 in
1101 1803 1308 1861 illustri
1348 1804 1539 1881 posita
1578 1811 1957 1887 monumento
1998 1804 2251 1861 intueri:

315 1901 451 1959 inde
480 1900 588 1959 tibi
616 1886 847 1979 tuaeque
875 1901 958 1959 rei
985 1899 1232 1978 publicae
1262 1900 1421 1977 quod
1448 1900 1673 1959 imitere
1706 1898 1934 1979 capias3
1978 1900 2112 1978 inde
2145 1900 2255 1959 foe-

317 1998 456 2057 dum
498 2001 750 2078 inceptu,
782 2000 1006 2058 foedum
1049 2000 1222 2070 exitu,
1256 1998 1413 2077 quod
1445 1999 1605 2057 vites,
1703 1980 1973 2059 Ceterum
2016 2006 2117 2058 aut
2155 2019 2255 2058 me

317 2118 477 2156 amor
509 2100 730 2175 negotii
759 2099 1009 2175 suscepti
1042 2098 1208 2168 fallit,
1242 2104 1341 2155 aut
1379 2096 1535 2155 'nulla
1574 2117 1847 2175 umquam
1893 2118 1981 2155 res
2021 2096 2255 2175 publica

318 2213 422 2251 nec
455 2194 644 2271 major
675 2214 780 2252 nec
815 2194 1063 2251 sanctior
1100 2213 1204 2251 nec
1243 2194 1411 2251 bonis
1454 2194 1730 2271 exemplis
1769 2194 1945 2251 ditior
1983 2194 2113 2264 fuit,
2146 2214 2252 2251 nec
2272 2203 2359 2255 45
2435 2159 2443 2347 j

317 2291 378 2349 in
408 2311 581 2369 quam
615 2291 906 2350 civit-atem
935 2297 1054 2348 tam
1090 2310 1228 2349 serae
1264 2290 1501 2348 avaritia
1526 2290 1861 2368 luxuriaque
1894 2291 2255 2367 immigrave·

317 2389 449 2461 rint,
481 2409 586 2447 nec
627 2389 728 2447 ubi
764 2395 960 2447 tantus
1001 2408 1066 2445 ac
1107 2396 1227 2446 tam
1272 2390 1374 2446 diu
1414 2390 1740 2466 paupertati
1780 2408 1845 2447 ac
1886 2388 2253 2467 parsimoniae
2430 2352 2443 2491 1

317 2486 503 2544 honos
531 2487 740 2544 fuerit:
777 2486 920 2557 adeo
944 2492 1158 2563 quanto
1188 2505 1375 2543 rerum
1405 2487 1611 2557 minue,
1632 2493 1795 2543 tanto
1816 2487 2008 2544 minus
2034 2486 2259 2563 cupidi-

317 2586 454 2643 tatis
483 2591 614 2641 erat.
709 2584 910 2660 Nuper
937 2582 1153 2640 divitiae
1189 2582 1500 2655 avaritiam,
1527 2590 1584 2640 et
1612 2582 1968 2641 abundantes
1996 2582 2257 2661 volupta-

319 2689 405 2739 tes
434 2681 781 2739 desiderium
814 2700 918 2757 per
943 2680 1142 2737 luxum
1178 2686 1349 2757 atque
1376 2679 1677 2737 libidinem
1712 2680 1989 2757 pereundi
2016 2680 2257 2758 perden-
2276 2690 2363 2743 50

319 2779 493 2857 dique
523 2778 732 2849 omnia,
754 2778 1031 2835 invexere.
1117 2776 1235 2834 Sed
1264 2775 1523 2854 querelae,
1550 2796 1621 2833 ne
1648 2784 1775 2834 tum
1805 2776 2039 2854 quidem
2072 2782 2255 2855 gratae

318 2875 549 2946 futurae,
587 2894 717 2931 cum
760 2874 1002 2931 forsitan
1045 2874 1373 2946 necessariae
1417 2880 1598 2945 erunt,
1630 2873 1701 2931 ab
1735 2874 1904 2931 initio
1944 2880 2095 2931 certe
2131 2881 2259 2931 tan-

318 2981 396 3034 tae
440 2975 730 3033 ordiendae
773 2974 856 3032 rei
897 2974 1100 3033 absint.
1187 2973 1337 3031 Cum
1380 2973 1548 3031 bonis
1588 2974 1785 3050 potius
1828 2973 2119 3031 ominibus
2159 2994 2261 3031 vo-

323 3077 512 3154 tisque
566 3080 625 3132 et
673 3070 1096 3149 precationibus
1148 3070 1387 3128 deorum
1431 3070 1793 3147 dearumque,
1834 3071 1899 3143 si,
1937 3078 2003 3129 ut
2046 3071 2255 3148 poetis,

319 3169 488 3227 nobis
517 3188 744 3247 quoque
772 3189 900 3226 mos
929 3174 1091 3238 esset,
1116 3167 1390 3224 libentius
1418 3167 1815 3245 inciperemuS,
1840 3174 1907 3225 ut
1936 3167 2078 3224 orsis
2106 3170 2258 3226 tanti
2280 3183 2362 3237 55

323 3266 510 3342 operis
537 3284 826 3322 successus
853 3282 1158 3341 prosperos
1186 3262 1403 3321 darent.
