2459 3967
200 187 346 247 Cu.
367 184 472 264 V.]
752 202 832 243 AB
875 204 1032 243 uana
1075 202 1342 245 commu
1384 205 1563 245 mear.
2052 186 2139 254 97

196 366 257 406 se
285 346 362 405 de
388 362 558 417 novo,
585 351 650 403 ut
677 343 760 417 fit,
784 343 1026 403 consilio
1052 345 1323 423 egissent,
1347 364 1671 405 sermonem
1699 365 1897 406 eorum
1930 366 2000 406 ex
2028 367 2139 406 ser-

198 443 285 501 vis
312 462 462 501 unus
489 440 728 517 excepit,
755 440 854 519 qui
879 439 1000 518 jam
1027 448 1196 499 antea
1220 441 1285 499 id
1313 449 1563 501 senserat
1589 444 1718 521 agi:
1762 443 1863 502 sed
1890 463 2017 502 eam
2046 463 2137 503 oc·
2156 448 2233 501 20

197 539 504 610 maionem,
534 543 602 597 ut
635 535 842 595 litterae
877 536 1088 614 legatis·
1116 537 1405 611 darentur,
1438 558 1566 616 quae
1610 540 1979 617 deprehensae
2014 560 2135 599 rem

197 654 506 713 coarguere
531 639 785 712 possent,
810 634 1213 711 exspectabat:
1257 642 1567 714 postquam
1600 636 1766 695 datas.
1797 638 1989 710 sensit,
2012 656 2135 696 rem

195 733 274 793 ad
314 731 576 791 consules
617 730 842 791 detulit.
928 730 1208 791 Consules
1248 732 1324 791 ad
1364 732 1875 811 deprehendendos
1914 735 2135 812 legatos

195 829 645 907 conjuratosque
675 828 928 906 profecti
959 829 1138 888 domo
1171 830 1295 889 sine
1328 829 1583 889 tumultu
1615 850 1737 889 rem
1770 850 2001 889 omnem
2036 852 2136 910 op-

195 942 484 1003 pressere;
525 924 846 983 litterarum
880 926 940 984 in
974 926 1178 1003 primis
1205 926 1407 985 habita
1438 946 1588 999 cura,
1612 946 1685 985 ne
1710 927 2128 987 interciderent.
2153 933 2229 985 25

196 1020 604 1080 Proditoribus
635 1021 926 1099 extemplo
958 1022 1022 1080 in
1055 1023 1245 1081 vincla
1275 1021 1569 1100 conjectis,
1600 1022 1673 1081 de
1703 1022 1908 1101 legatis
1938 1024 2136 1101 paulu·

195 1117 320 1177 lum
354 1116 762 1177 addubitatum
802 1125 906 1191 est,
936 1125 1011 1192 et,
1045 1138 1395 1199 quamquam
1436 1119 1545 1178 visi
1584 1126 1722 1178 sunt
1761 1120 2133 1193 commisisse,

195 1221 264 1273 ut
290 1212 548 1273 hostium
575 1213 704 1273 loco
734 1221 937 1288 essent,
960 1215 1056 1295 jus
1081 1222 1279 1275 tamen
1305 1216 1569 1294 gentium
1595 1216 1791 1275 valuit.

1061 1393 1207 1464 .V.

245 1516 346 1559 'rho
365 1516 524 1561 effoeto
549 1516 604 1559 or
716 1506 812 1566 De
837 1506 1006 1566 bonis
1039 1505 1229 1585 regiis,
1256 1526 1386 1585 quae
1419 1509 1583 1568 reddi
1610 1516 1743 1569 ante
1776 1518 2129 1585 censuerant,

196 1583 276 1701 ἓξ
274 1582 340 1690 ΘΞ
350 1593 496 1701 ζὶᾳιζ
505 1583 602 1691 1ζὲ
641 1622 732 1662 res
757 1604 986 1681 integra
1009 1603 1261 1663 refertur
1287 1604 1362 1663 ad
1388 1612 1595 1684 patres.
1680 1606 1733 1663 Ii
1760 1606 1897 1665 victi
1930 1607 2015 1665 ira
2042 1628 2132 1666 ve-

196 1716 415 1769 people
441 1718 504 1759 to
532 1716 560 1758 b
573 1726 600 1759 e
640 1707 800 1781 tuere
831 1699 1014 1771 reddi,
1044 1706 1275 1759 vetuere
1312 1700 1375 1759 in
1407 1701 1704 1779 publicum
1738 1702 1955 1780 redigit
1998 1703 2131 1763 diri-

195 1782 513 1902 ἓξᾘξζῖξὴῖ
521 1806 600 1891 ἸΕ-
640 1795 851 1873 pienda
876 1795 1034 1873 plebi
1061 1804 1196 1855 sunt
1229 1795 1381 1869 data,
1405 1804 1487 1870 ut,
1512 1804 1779 1856 contacta
1804 1799 1961 1876 regia
1986 1818 2131 1877 proe·

197 1916 298 1959 sula
315 1916 601 1959 Tiberina.—
636 1891 730 1964 da,
755 1911 916 1971 spem
942 1892 1006 1950 in
1027 1898 1374 1969 perpetuum
1396 1912 1527 1952 cum
1550 1894 1622 1950 iis
1642 1893 1799 1971 pacis
1820 1894 2125 1953 amitteret.
2190 1900 2226 1952 5

195 1983 294 2093 ΞΜ
305 1983 601 2091 ὈἲίοοὲΒᾞ
640 1987 800 2066 Ager
839 1987 1304 2067 Tarquiniorum,
1346 1990 1447 2066 qui
1496 1989 1647 2047 inter
1688 1988 1888 2047 urbem
1930 2009 1995 2048 ac
2036 1990 2130 2049 Ti-

197 2060 395 2169 1:5⁸3:st
411 2060 601 2159 om‘iafg,
639 2083 822 2143 berim
859 2084 993 2157 fuit,
1023 2091 1391 2143 consecratus
1422 2084 1614 2158 Marti,
1645 2084 1889 2143 Martius
1923 2086 2131 2145 deinde

196 2184 300 2227 ther
319 2184 400 2226 the
421 2182 596 2226 00111111·
639 2200 876 2258 campus
895 2181 1030 2241 fuit.
1093 2181 1267 2253 Forte
1296 2181 1381 2240 ibi
1399 2188 1527 2240 tum
1550 2200 1711 2260 seges
1731 2182 1899 2241 farris
1920 2183 2131 2243 dicitur

195 2250 344 2359 ‘’11⁸2ss
373 2249 604 2368 {3⁰13}
642 2276 821 2351 fuisse
867 2283 1094 2337 matura
1140 2277 1331 2337 messi.
1415 2278 1604 2348 Quem
1644 2280 1833 2357 campi
1874 2274 2129 2340 fructum

195 2383 432 2427 rewarded
486 2393 556 2427 an
569 2383 600 2425 ᾱ
642 2374 776 2451 quia
801 2372 1136 2451 religiosum
1163 2382 1287 2433 erat
1313 2393 1663 2449 consumere,
1687 2376 1972 2435 desectam
1996 2396 2127 2435 cum
2147 2380 2223 2433 10

195 2451 327 2493 ”¹⁸⁶⁶
344 2449 454 2492 ΜΘ·
641 2475 956 2527 stramento
985 2477 1240 2547 segetem
1267 2489 1483 2548 magna
1504 2471 1593 2529 vis
1619 2471 1923 2532 hominum
1956 2473 2129 2531 simul

193 2566 456 2625 immissa
481 2564 749 2625 corbibus
775 2564 978 2623 fudere
1005 2566 1066 2622 in
1095 2565 1352 2625 Tiberim
1380 2568 1541 2625 tenui
1568 2567 1839 2627 fluentem
1875 2587 2037 2646 aqua,
2062 2575 2129 2627 ut

193 2664 403 2722 mediis
450 2662 734 2721 caloribus
781 2661 942 2721 solet.
1028 2661 1120 2721 Ita
1166 2664 1228 2721 in
1278 2664 1439 2722 vadis
1480 2666 1802 2725 haesitantis
1849 2666 2129 2724 frumenti

192 2779 426 2819 acervos
459 2759 670 2818 sedisse
701 2759 880 2817 illitos
905 2759 1081 2818 limo:
1124 2760 1370 2819 insulam
1404 2760 1541 2819 inde
1572 2762 1867 2839 paulatim,
1892 2769 1951 2821 et
1982 2762 2124 2834 aliis,

193 2876 324 2935 quae
369 2856 487 2915 fert
533 2864 746 2916 temere
790 2855 1022 2929 flumen,
1059 2858 1263 2916 eodem
1313 2858 1555 2916 invectis
1601 2859 1832 2917 factam.
1917 2858 2129 2917 Postea
2147 2863 2223 2916 15

192 2953 366 3012 credo
415 2953 640 3011 additas
687 2953 884 3027 moles,
924 2974 1216 3033 manuque
1266 2954 1548 3031 adjutum,
1588 2962 1655 3013 ut
1700 2962 1823 3013 tam
1870 2956 2129 3014 eminens

192 3068 322 3107 area
341 3047 620 3127 firmaque
640 3048 874 3127 templis
895 3069 1124 3128 quoque
1152 3070 1217 3109 ac
1246 3050 1564 3129 porticibus
1592 3049 1941 3109 sustinendis
1962 3057 2123 3108 esset.

191 3146 455 3223 Direptis
473 3144 644 3203 bonis
669 3165 888 3225 regum,
911 3148 1170 3207 damnati
1197 3148 1536 3227 proditores,
1561 3153 1971 3225 sumptumque
2000 3165 2130 3224 sup-

191 3242 450 3319 plicium,
480 3243 844 3320 conspectius
880 3263 966 3318 ec,
997 3245 1158 3324 quod
1189 3264 1379 3323 poenae
1416 3244 1709 3323 capiendae
1742 3243 2128 3310 ministerium

191 3340 343 3417 patri
385 3339 460 3398 de
499 3338 694 3399 liberis
735 3340 1064 3400 consulatus
1105 3341 1401 3420 imposuit,
1432 3348 1507 3416 et,
1539 3342 1639 3422 qui
1680 3348 1967 3421 spectator
2006 3349 2127 3402 erat
2145 3347 2223 3402 20

191 3438 562 3511 amovenduS‚
594 3459 727 3498 eum
767 3440 955 3518 ipsum
998 3441 1235 3499 fortuna
1274 3449 1596 3501 exactorem
1638 3442 1906 3520 supplicii
1947 3442 2123 3502 dedit.

191 3536 438 3595 Stabant
466 3536 706 3615 deligati
733 3537 808 3595 ad
833 3536 1030 3614 palum
1059 3536 1403 3593 nobilissimi
1422 3538 1686 3613 juvenes:
1724 3539 1823 3596 sed
1846 3559 1879 3595 a
1905 3540 2125 3607 ceteris,

191 3634 346 3693 velut
375 3633 450 3692 ab
479 3633 696 3711 ignotis
723 3632 1024 3710 capitibuS,
1049 3632 1299 3689 consulis
1318 3631 1483 3690 liberi
1512 3633 1773 3691 omnium
1800 3634 1859 3691 in
1889 3651 1949 3689 se
1976 3651 2128 3689 aver-

190 3737 380 3791 terant
400 3730 618 3802 oculos,
636 3729 1058 3805 miserebatque
1085 3744 1202 3783 non
1232 3746 1421 3803 poenae
1448 3728 1634 3804 magis
1659 3726 1925 3786 homines
1954 3742 2126 3800 quam

1138 3822 1190 3878 E
