<?xml version="1.0" encoding="UTF-8"?>
<!DOCTYPE html PUBLIC "-//W3C//DTD XHTML 1.0 Transitional//EN"
    "http://www.w3.org/TR/xhtml1/DTD/xhtml1-transitional.dtd">
<html xmlns="http://www.w3.org/1999/xhtml" xml:lang="en" lang="en">
 <head>
  <title>
</title>
<meta http-equiv="Content-Type" content="text/html;charset=utf-8" />
  <meta name='ocr-system' content='tesseract 3.04.00' />
  <meta name='ocr-capabilities' content='ocr_page ocr_carea ocr_par ocr_line ocrx_word'/>
</head>
<body>
  <div class='ocr_page' id='page_1' title='image "./titiliviaburbec10livygoog_0221.png"; bbox 0 0 2459 3967; ppageno 0'>
   <div class='ocr_carea' id='block_1_1' title="bbox 205 171 2163 252">
    <p class='ocr_par' dir='ltr' id='par_1_1' title="bbox 205 171 2163 252">
     <span class='ocr_line' id='line_1_1' title="bbox 205 171 2163 252; baseline 0.003 -20"><span class='ocrx_word' id='word_1_1' title='bbox 205 177 360 246; x_wconf 72' lang='lat' dir='ltr'>CAP.</span> <span class='ocrx_word' id='word_1_2' title='bbox 381 171 541 252; x_wconf 66' lang='lat' dir='ltr'>LV]</span> <span class='ocrx_word' id='word_1_3' title='bbox 788 193 865 232; x_wconf 70' lang='lat' dir='ltr'>AB</span> <span class='ocrx_word' id='word_1_4' title='bbox 910 195 1065 234; x_wconf 72' lang='lat' dir='ltr'><strong>URBE</strong></span> <span class='ocrx_word' id='word_1_5' title='bbox 1112 194 1376 233; x_wconf 67' lang='lat' dir='ltr'>comm-A</span> <span class='ocrx_word' id='word_1_6' title='bbox 1409 195 1586 234; x_wconf 76' lang='lat' dir='ltr'>unm.</span> <span class='ocrx_word' id='word_1_7' title='bbox 2033 174 2163 242; x_wconf 73' lang='grc'>217</span> 
     </span>
    </p>
   </div>
   <div class='ocr_carea' id='block_1_2' title="bbox 208 333 2256 2158">
    <p class='ocr_par' dir='ltr' id='par_1_2' title="bbox 208 333 2256 995">
     <span class='ocr_line' id='line_1_2' title="bbox 208 333 2162 420; baseline 0.001 -27"><span class='ocrx_word' id='word_1_8' title='bbox 208 333 513 394; x_wconf 82' lang='lat' dir='ltr'><strong>Hannibal</strong></span> <span class='ocrx_word' id='word_1_9' title='bbox 541 334 733 412; x_wconf 89' lang='lat' dir='ltr'>prima</span> <span class='ocrx_word' id='word_1_10' title='bbox 764 333 889 392; x_wconf 88' lang='lat' dir='ltr'>luce</span> <span class='ocrx_word' id='word_1_11' title='bbox 918 333 1203 392; x_wconf 78' lang='lat' dir='ltr'><strong>Numidas</strong></span> <span class='ocrx_word' id='word_1_12' title='bbox 1232 336 1454 413; x_wconf 77' lang='lat' dir='ltr'>equites</span> <span class='ocrx_word' id='word_1_13' title='bbox 1480 342 1866 414; x_wconf 85' lang='lat' dir='ltr'>transgressos</span> <span class='ocrx_word' id='word_1_14' title='bbox 1893 335 2162 420; x_wconf 75' lang='lat' dir='ltr'>Trebiam</span> 
     </span>
     <span class='ocr_line' id='line_1_3' title="bbox 208 430 2164 512; baseline 0.001 -24"><span class='ocrx_word' id='word_1_15' title='bbox 208 431 433 490; x_wconf 89' lang='lat' dir='ltr'>flumen</span> <span class='ocrx_word' id='word_1_16' title='bbox 464 430 800 509; x_wconf 79' lang='lat' dir='ltr'><strong>obequitare</strong></span> <span class='ocrx_word' id='word_1_17' title='bbox 827 430 994 508; x_wconf 86' lang='lat' dir='ltr'>jubet</span> <span class='ocrx_word' id='word_1_18' title='bbox 1014 431 1272 490; x_wconf 90' lang='lat' dir='ltr'>hostium</span> <span class='ocrx_word' id='word_1_19' title='bbox 1294 433 1493 509; x_wconf 88' lang='lat' dir='ltr'>portis,</span> <span class='ocrx_word' id='word_1_20' title='bbox 1517 431 1936 512; x_wconf 70' lang='lat' dir='ltr'>iaculandoque</span> <span class='ocrx_word' id='word_1_21' title='bbox 1963 434 2025 491; x_wconf 91' lang='lat' dir='ltr'>in</span> <span class='ocrx_word' id='word_1_22' title='bbox 2053 439 2164 491; x_wconf 83' lang='lat' dir='ltr'>sta-</span> 
     </span>
     <span class='ocr_line' id='line_1_4' title="bbox 208 528 2256 608; baseline 0.001 -20"><span class='ocrx_word' id='word_1_23' title='bbox 208 531 405 588; x_wconf 81' lang='lat' dir='ltr'><strong>tiones</strong></span> <span class='ocrx_word' id='word_1_24' title='bbox 435 529 639 587; x_wconf 81' lang='lat' dir='ltr'>elicere</span> <span class='ocrx_word' id='word_1_25' title='bbox 666 528 742 586; x_wconf 89' lang='lat' dir='ltr'>ad</span> <span class='ocrx_word' id='word_1_26' title='bbox 768 547 1026 606; x_wconf 84' lang='lat' dir='ltr'>pugnam</span> <span class='ocrx_word' id='word_1_27' title='bbox 1061 529 1325 603; x_wconf 88' lang='lat' dir='ltr'>hostem;</span> <span class='ocrx_word' id='word_1_28' title='bbox 1367 530 1586 608; x_wconf 81' lang='lat' dir='ltr'>injecto</span> <span class='ocrx_word' id='word_1_29' title='bbox 1615 531 1824 590; x_wconf 86' lang='lat' dir='ltr'>deinde</span> <span class='ocrx_word' id='word_1_30' title='bbox 1851 531 2160 590; x_wconf 76' lang='lat' dir='ltr'>certamine</span> <span class='ocrx_word' id='word_1_31' title='bbox 2181 539 2256 591; x_wconf 85' lang='lat'>20</span> 
     </span>
     <span class='ocr_line' id='line_1_5' title="bbox 210 625 2162 704; baseline 0.002 -19"><span class='ocrx_word' id='word_1_32' title='bbox 210 626 477 686; x_wconf 90' lang='lat' dir='ltr'>cedendo</span> <span class='ocrx_word' id='word_1_33' title='bbox 506 626 719 684; x_wconf 89' lang='lat' dir='ltr'>sensim</span> <span class='ocrx_word' id='word_1_34' title='bbox 748 625 893 684; x_wconf 87' lang='lat' dir='ltr'>citra</span> <span class='ocrx_word' id='word_1_35' title='bbox 919 625 1134 684; x_wconf 90' lang='lat' dir='ltr'>flumen</span> <span class='ocrx_word' id='word_1_36' title='bbox 1155 626 1498 704; x_wconf 79' lang='lat' dir='ltr'>pertrahere.</span> <span class='ocrx_word' id='word_1_37' title='bbox 1570 628 1716 686; x_wconf 84' lang='lat' dir='ltr'>Haec</span> <span class='ocrx_word' id='word_1_38' title='bbox 1744 628 2017 686; x_wconf 87' lang='lat' dir='ltr'>mandata</span> <span class='ocrx_word' id='word_1_39' title='bbox 2043 628 2162 688; x_wconf 89' lang='lat' dir='ltr'>Nu-</span> 
     </span>
     <span class='ocr_line' id='line_1_6' title="bbox 210 721 2162 804; baseline 0.001 -23"><span class='ocrx_word' id='word_1_40' title='bbox 210 723 429 781; x_wconf 90' lang='lat' dir='ltr'>midis:</span> <span class='ocrx_word' id='word_1_41' title='bbox 474 721 681 780; x_wconf 86' lang='lat' dir='ltr'>ceteris</span> <span class='ocrx_word' id='word_1_42' title='bbox 715 721 959 781; x_wconf 89' lang='lat' dir='ltr'>ducibus</span> <span class='ocrx_word' id='word_1_43' title='bbox 989 722 1254 800; x_wconf 84' lang='lat' dir='ltr'>peditum</span> <span class='ocrx_word' id='word_1_44' title='bbox 1290 724 1666 802; x_wconf 83' lang='lat' dir='ltr'>equitumque</span> <span class='ocrx_word' id='word_1_45' title='bbox 1698 732 2071 804; x_wconf 75' lang='lat' dir='ltr'>praeceptum,</span> <span class='ocrx_word' id='word_1_46' title='bbox 2095 731 2162 783; x_wconf 92' lang='lat' dir='ltr'>ut</span> 
     </span>
     <span class='ocr_line' id='line_1_7' title="bbox 212 819 2161 900; baseline 0.001 -22"><span class='ocrx_word' id='word_1_47' title='bbox 212 820 503 898; x_wconf 86' lang='lat' dir='ltr'>prandere</span> <span class='ocrx_word' id='word_1_48' title='bbox 537 839 739 878; x_wconf 87' lang='lat' dir='ltr'>omnes</span> <span class='ocrx_word' id='word_1_49' title='bbox 764 819 1049 896; x_wconf 83' lang='lat' dir='ltr'>juberent,</span> <span class='ocrx_word' id='word_1_50' title='bbox 1074 827 1326 878; x_wconf 84' lang='lat' dir='ltr'>armatos</span> <span class='ocrx_word' id='word_1_51' title='bbox 1359 820 1568 879; x_wconf 91' lang='lat' dir='ltr'>deinde</span> <span class='ocrx_word' id='word_1_52' title='bbox 1597 821 1966 899; x_wconf 75' lang='lat' dir='ltr'>instratisque</span> <span class='ocrx_word' id='word_1_53' title='bbox 1999 823 2161 900; x_wconf 89' lang='lat' dir='ltr'>equis</span> 
     </span>
     <span class='ocr_line' id='line_1_8' title="bbox 214 917 828 995; baseline 0.002 -21"><span class='ocrx_word' id='word_1_54' title='bbox 214 917 452 995; x_wconf 88' lang='lat' dir='ltr'>signum</span> <span class='ocrx_word' id='word_1_55' title='bbox 482 923 828 994; x_wconf 86' lang='lat' dir='ltr'>exspectare.</span> 
     </span>
    </p>

    <p class='ocr_par' dir='ltr' id='par_1_3' title="bbox 214 1013 2256 2158">
     <span class='ocr_line' id='line_1_9' title="bbox 339 1013 2255 1092; baseline 0 -20"><span class='ocrx_word' id='word_1_56' title='bbox 339 1013 731 1090; x_wconf 81' lang='lat' dir='ltr'>Sempronius</span> <span class='ocrx_word' id='word_1_57' title='bbox 758 1013 833 1071; x_wconf 88' lang='lat' dir='ltr'>ad</span> <span class='ocrx_word' id='word_1_58' title='bbox 864 1013 1178 1071; x_wconf 81' lang='lat' dir='ltr'>tumultum</span> <span class='ocrx_word' id='word_1_59' title='bbox 1216 1013 1600 1072; x_wconf 80' lang='lat' dir='ltr'>Numidarum</span> <span class='ocrx_word' id='word_1_60' title='bbox 1641 1014 1894 1092; x_wconf 92' lang='lat' dir='ltr'>primum</span> <span class='ocrx_word' id='word_1_61' title='bbox 1929 1031 2161 1072; x_wconf 88' lang='lat' dir='ltr'>omnem</span> <span class='ocrx_word' id='word_1_62' title='bbox 2180 1021 2255 1072; x_wconf 84' lang='lat'>25</span> 
     </span>
     <span class='ocr_line' id='line_1_10' title="bbox 214 1109 2158 1188; baseline -0.001 -20"><span class='ocrx_word' id='word_1_63' title='bbox 214 1111 560 1188; x_wconf 83' lang='lat' dir='ltr'>equitatum,</span> <span class='ocrx_word' id='word_1_64' title='bbox 585 1110 750 1168; x_wconf 84' lang='lat' dir='ltr'>ferox</span> <span class='ocrx_word' id='word_1_65' title='bbox 782 1129 851 1168; x_wconf 88' lang='lat' dir='ltr'>ea</span> <span class='ocrx_word' id='word_1_66' title='bbox 876 1116 1039 1187; x_wconf 88' lang='lat' dir='ltr'>parte</span> <span class='ocrx_word' id='word_1_67' title='bbox 1073 1109 1299 1181; x_wconf 86' lang='lat' dir='ltr'>virium,</span> <span class='ocrx_word' id='word_1_68' title='bbox 1324 1109 1534 1168; x_wconf 88' lang='lat' dir='ltr'>deinde</span> <span class='ocrx_word' id='word_1_69' title='bbox 1567 1130 1665 1170; x_wconf 83' lang='lat' dir='ltr'>sex</span> <span class='ocrx_word' id='word_1_70' title='bbox 1691 1111 1852 1168; x_wconf 87' lang='lat' dir='ltr'>milia</span> <span class='ocrx_word' id='word_1_71' title='bbox 1877 1109 2158 1188; x_wconf 90' lang='lat' dir='ltr'>peditum,</span> 
     </span>
     <span class='ocr_line' id='line_1_11' title="bbox 215 1205 2161 1284; baseline 0 -19"><span class='ocrx_word' id='word_1_72' title='bbox 215 1214 516 1284; x_wconf 89' lang='lat' dir='ltr'>postremo</span> <span class='ocrx_word' id='word_1_73' title='bbox 562 1223 763 1263; x_wconf 89' lang='lat' dir='ltr'>omnes</span> <span class='ocrx_word' id='word_1_74' title='bbox 808 1206 1005 1283; x_wconf 86' lang='lat' dir='ltr'>copias</span> <span class='ocrx_word' id='word_1_75' title='bbox 1048 1205 1123 1264; x_wconf 87' lang='lat' dir='ltr'>ad</span> <span class='ocrx_word' id='word_1_76' title='bbox 1168 1205 1522 1265; x_wconf 88' lang='lat' dir='ltr'>destinatum</span> <span class='ocrx_word' id='word_1_77' title='bbox 1568 1207 1688 1284; x_wconf 86' lang='lat' dir='ltr'>jam</span> <span class='ocrx_word' id='word_1_78' title='bbox 1739 1214 1872 1266; x_wconf 86' lang='lat' dir='ltr'>ante</span> <span class='ocrx_word' id='word_1_79' title='bbox 1920 1206 2161 1265; x_wconf 88' lang='lat' dir='ltr'>consilio</span> 
     </span>
     <span class='ocr_line' id='line_1_12' title="bbox 218 1302 2162 1382; baseline 0.001 -22"><span class='ocrx_word' id='word_1_80' title='bbox 218 1304 425 1362; x_wconf 80' lang='lat' dir='ltr'>avidus</span> <span class='ocrx_word' id='word_1_81' title='bbox 458 1302 789 1361; x_wconf 84' lang='lat' dir='ltr'>certaminis</span> <span class='ocrx_word' id='word_1_82' title='bbox 820 1302 1037 1362; x_wconf 80' lang='lat' dir='ltr'>eduxit.</span> <span class='ocrx_word' id='word_1_83' title='bbox 1121 1302 1263 1361; x_wconf 86' lang='lat' dir='ltr'>Erat</span> <span class='ocrx_word' id='word_1_84' title='bbox 1295 1304 1449 1362; x_wconf 86' lang='lat' dir='ltr'>forte</span> <span class='ocrx_word' id='word_1_85' title='bbox 1476 1304 1696 1364; x_wconf 78' lang='lat' dir='ltr'>brumae</span> <span class='ocrx_word' id='word_1_86' title='bbox 1730 1311 1960 1382; x_wconf 88' lang='lat' dir='ltr'>tempus</span> <span class='ocrx_word' id='word_1_87' title='bbox 1992 1311 2052 1362; x_wconf 90' lang='lat' dir='ltr'>et</span> <span class='ocrx_word' id='word_1_88' title='bbox 2077 1305 2162 1363; x_wconf 89' lang='lat' dir='ltr'>ni·</span> 
     </span>
     <span class='ocr_line' id='line_1_13' title="bbox 219 1399 2161 1481; baseline 0 -23"><span class='ocrx_word' id='word_1_89' title='bbox 219 1400 363 1458; x_wconf 87' lang='lat' dir='ltr'>valis</span> <span class='ocrx_word' id='word_1_90' title='bbox 396 1399 521 1457; x_wconf 83' lang='lat' dir='ltr'>dies</span> <span class='ocrx_word' id='word_1_91' title='bbox 553 1400 613 1456; x_wconf 91' lang='lat' dir='ltr'>in</span> <span class='ocrx_word' id='word_1_92' title='bbox 646 1399 789 1457; x_wconf 90' lang='lat' dir='ltr'>locis</span> <span class='ocrx_word' id='word_1_93' title='bbox 821 1399 1073 1477; x_wconf 83' lang='lat' dir='ltr'>Alpibus</span> <span class='ocrx_word' id='word_1_94' title='bbox 1105 1399 1532 1481; x_wconf 89' lang='lat' dir='ltr'>Apenninoque</span> <span class='ocrx_word' id='word_1_95' title='bbox 1565 1401 1900 1480; x_wconf 81' lang='lat' dir='ltr'>interjectis,</span> <span class='ocrx_word' id='word_1_96' title='bbox 1929 1402 2161 1480; x_wconf 89' lang='lat' dir='ltr'>propin-</span> 
     </span>
     <span class='ocr_line' id='line_1_14' title="bbox 222 1495 2254 1578; baseline 0.002 -24"><span class='ocrx_word' id='word_1_97' title='bbox 222 1498 443 1575; x_wconf 89' lang='lat' dir='ltr'>quitate</span> <span class='ocrx_word' id='word_1_98' title='bbox 484 1496 660 1555; x_wconf 88' lang='lat' dir='ltr'>etiam</span> <span class='ocrx_word' id='word_1_99' title='bbox 702 1495 1011 1556; x_wconf 85' lang='lat' dir='ltr'>fluminum</span> <span class='ocrx_word' id='word_1_100' title='bbox 1052 1515 1118 1555; x_wconf 86' lang='lat' dir='ltr'>ac</span> <span class='ocrx_word' id='word_1_101' title='bbox 1158 1497 1436 1574; x_wconf 84' lang='lat' dir='ltr'>paludum</span> <span class='ocrx_word' id='word_1_102' title='bbox 1483 1499 1827 1578; x_wconf 81' lang='lat' dir='ltr'>praegelidis.</span> <span class='ocrx_word' id='word_1_103' title='bbox 1911 1499 2012 1558; x_wconf 87' lang='lat' dir='ltr'>Ad</span> <span class='ocrx_word' id='word_1_104' title='bbox 2048 1500 2159 1560; x_wconf 90' lang='lat' dir='ltr'>hoc</span> <span class='ocrx_word' id='word_1_105' title='bbox 2179 1507 2254 1559; x_wconf 86' lang='lat'>30</span> 
     </span>
     <span class='ocr_line' id='line_1_15' title="bbox 219 1593 2158 1675; baseline 0.001 -23"><span class='ocrx_word' id='word_1_106' title='bbox 219 1594 436 1672; x_wconf 88' lang='lat' dir='ltr'>raptim</span> <span class='ocrx_word' id='word_1_107' title='bbox 470 1593 693 1652; x_wconf 85' lang='lat' dir='ltr'>eductis</span> <span class='ocrx_word' id='word_1_108' title='bbox 724 1593 1059 1652; x_wconf 89' lang='lat' dir='ltr'>hominibus</span> <span class='ocrx_word' id='word_1_109' title='bbox 1091 1600 1265 1672; x_wconf 89' lang='lat' dir='ltr'>atque</span> <span class='ocrx_word' id='word_1_110' title='bbox 1294 1595 1472 1673; x_wconf 89' lang='lat' dir='ltr'>equis,</span> <span class='ocrx_word' id='word_1_111' title='bbox 1503 1615 1622 1655; x_wconf 91' lang='lat' dir='ltr'>non</span> <span class='ocrx_word' id='word_1_112' title='bbox 1649 1604 1821 1675; x_wconf 90' lang='lat' dir='ltr'>capto</span> <span class='ocrx_word' id='word_1_113' title='bbox 1849 1603 1982 1655; x_wconf 90' lang='lat' dir='ltr'>ante</span> <span class='ocrx_word' id='word_1_114' title='bbox 2010 1596 2158 1668; x_wconf 87' lang='lat' dir='ltr'>cibo,</span> 
     </span>
     <span class='ocr_line' id='line_1_16' title="bbox 220 1679 2161 1769; baseline 0.002 -20"><span class='ocrx_word' id='word_1_115' title='bbox 220 1711 340 1750; x_wconf 92' lang='lat' dir='ltr'>non</span> <span class='ocrx_word' id='word_1_116' title='bbox 376 1709 486 1769; x_wconf 92' lang='lat' dir='ltr'>ope</span> <span class='ocrx_word' id='word_1_117' title='bbox 523 1690 637 1749; x_wconf 86' lang='lat' dir='ltr'>ulla</span> <span class='ocrx_word' id='word_1_118' title='bbox 665 1690 741 1748; x_wconf 89' lang='lat' dir='ltr'>ad</span> <span class='ocrx_word' id='word_1_119' title='bbox 774 1679 1082 1749; x_wconf 84' lang='lat' dir='ltr'>arcendum</span> <span class='ocrx_word' id='word_1_120' title='bbox 1112 1692 1298 1769; x_wconf 85' lang='lat' dir='ltr'>frigus</span> <span class='ocrx_word' id='word_1_121' title='bbox 1331 1693 1608 1766; x_wconf 86' lang='lat' dir='ltr'>adhibita,</span> <span class='ocrx_word' id='word_1_122' title='bbox 1628 1693 1774 1751; x_wconf 88' lang='lat' dir='ltr'>nihil</span> <span class='ocrx_word' id='word_1_123' title='bbox 1809 1694 2012 1752; x_wconf 88' lang='lat' dir='ltr'>caloris</span> <span class='ocrx_word' id='word_1_124' title='bbox 2043 1694 2161 1752; x_wconf 88' lang='lat' dir='ltr'>ine·</span> 
     </span>
     <span class='ocr_line' id='line_1_17' title="bbox 221 1787 2160 1869; baseline 0.001 -22"><span class='ocrx_word' id='word_1_125' title='bbox 221 1797 344 1861; x_wconf 79' lang='lat' dir='ltr'>rat3</span> <span class='ocrx_word' id='word_1_126' title='bbox 388 1795 448 1846; x_wconf 94' lang='lat' dir='ltr'>et</span> <span class='ocrx_word' id='word_1_127' title='bbox 489 1787 772 1866; x_wconf 91' lang='lat' dir='ltr'>quidquid</span> <span class='ocrx_word' id='word_1_128' title='bbox 812 1807 965 1846; x_wconf 85' lang='lat' dir='ltr'>aurae</span> <span class='ocrx_word' id='word_1_129' title='bbox 1015 1788 1270 1847; x_wconf 88' lang='lat' dir='ltr'>fluminis</span> <span class='ocrx_word' id='word_1_130' title='bbox 1317 1789 1874 1869; x_wconf 85' lang='lat' dir='ltr'>appropinquabant,</span> <span class='ocrx_word' id='word_1_131' title='bbox 1910 1790 2160 1849; x_wconf 83' lang='lat' dir='ltr'>adflabat</span> 
     </span>
     <span class='ocr_line' id='line_1_18' title="bbox 221 1883 2160 1964; baseline 0 -20"><span class='ocrx_word' id='word_1_132' title='bbox 221 1885 407 1944; x_wconf 87' lang='lat' dir='ltr'>acrior</span> <span class='ocrx_word' id='word_1_133' title='bbox 434 1883 671 1961; x_wconf 82' lang='lat' dir='ltr'>frigoris</span> <span class='ocrx_word' id='word_1_134' title='bbox 698 1884 801 1942; x_wconf 86' lang='lat' dir='ltr'>vis.</span> <span class='ocrx_word' id='word_1_135' title='bbox 886 1883 975 1943; x_wconf 87' lang='lat' dir='ltr'>Ut</span> <span class='ocrx_word' id='word_1_136' title='bbox 1002 1903 1137 1942; x_wconf 88' lang='lat' dir='ltr'>vero</span> <span class='ocrx_word' id='word_1_137' title='bbox 1170 1885 1524 1964; x_wconf 85' lang='lat' dir='ltr'>refugientes</span> <span class='ocrx_word' id='word_1_138' title='bbox 1553 1885 1836 1945; x_wconf 88' lang='lat' dir='ltr'>Numidas</span> <span class='ocrx_word' id='word_1_139' title='bbox 1863 1886 2160 1962; x_wconf 88' lang='lat' dir='ltr'>insequen-</span> 
     </span>
     <span class='ocr_line' id='line_1_19' title="bbox 221 1975 2256 2060; baseline 0.001 -20"><span class='ocrx_word' id='word_1_140' title='bbox 221 1990 309 2046; x_wconf 84' lang='lat' dir='ltr'>tes</span> <span class='ocrx_word' id='word_1_141' title='bbox 338 1999 549 2058; x_wconf 88' lang='lat' dir='ltr'>aquam</span> <span class='ocrx_word' id='word_1_142' title='bbox 575 1980 819 2057; x_wconf 83' lang='lat' dir='ltr'>ingressi</span> <span class='ocrx_word' id='word_1_143' title='bbox 848 1987 981 2039; x_wconf 89' lang='lat' dir='ltr'>sunt</span> <span class='ocrx_word' id='word_1_144' title='bbox 1012 1975 1099 2055; x_wconf 90' lang='lat' dir='ltr'>(et</span> <span class='ocrx_word' id='word_1_145' title='bbox 1126 1989 1248 2040; x_wconf 88' lang='lat' dir='ltr'>erat</span> <span class='ocrx_word' id='word_1_146' title='bbox 1279 1981 1610 2060; x_wconf 86' lang='lat' dir='ltr'>pectoribus</span> <span class='ocrx_word' id='word_1_147' title='bbox 1641 1989 1810 2040; x_wconf 90' lang='lat' dir='ltr'>tenus</span> <span class='ocrx_word' id='word_1_148' title='bbox 1836 1988 2004 2041; x_wconf 89' lang='lat' dir='ltr'>aucta</span> <span class='ocrx_word' id='word_1_149' title='bbox 2031 2002 2160 2041; x_wconf 89' lang='lat' dir='ltr'>noc·</span> <span class='ocrx_word' id='word_1_150' title='bbox 2179 1990 2256 2042; x_wconf 83' lang='lat'>35</span> 
     </span>
     <span class='ocr_line' id='line_1_20' title="bbox 220 2073 2160 2158; baseline 0.001 -21"><span class='ocrx_word' id='word_1_151' title='bbox 220 2087 397 2137; x_wconf 88' lang='lat' dir='ltr'>turno</span> <span class='ocrx_word' id='word_1_152' title='bbox 431 2073 629 2154; x_wconf 89' lang='lat' dir='ltr'>imbri)</span> <span class='ocrx_word' id='word_1_153' title='bbox 654 2084 781 2134; x_wconf 89' lang='lat' dir='ltr'>tum</span> <span class='ocrx_word' id='word_1_154' title='bbox 810 2078 1011 2155; x_wconf 90' lang='lat' dir='ltr'>utique</span> <span class='ocrx_word' id='word_1_155' title='bbox 1040 2079 1282 2156; x_wconf 81' lang='lat' dir='ltr'>egressis</span> <span class='ocrx_word' id='word_1_156' title='bbox 1309 2080 1494 2158; x_wconf 85' lang='lat' dir='ltr'>rigere</span> <span class='ocrx_word' id='word_1_157' title='bbox 1521 2079 1791 2138; x_wconf 89' lang='lat' dir='ltr'>omnibus</span> <span class='ocrx_word' id='word_1_158' title='bbox 1819 2099 2073 2158; x_wconf 88' lang='lat' dir='ltr'>corpora,</span> <span class='ocrx_word' id='word_1_159' title='bbox 2095 2088 2160 2140; x_wconf 91' lang='lat' dir='ltr'>ut</span> 
     </span>
    </p>
   </div>
   <div class='ocr_carea' id='block_1_3' title="bbox 221 2173 2160 2350">
    <p class='ocr_par' dir='ltr' id='par_1_4' title="bbox 221 2173 2160 2350">
     <span class='ocr_line' id='line_1_21' title="bbox 221 2173 2160 2254; baseline 0.001 -20"><span class='ocrx_word' id='word_1_160' title='bbox 221 2177 319 2234; x_wconf 84' lang='lat' dir='ltr'>vix</span> <span class='ocrx_word' id='word_1_161' title='bbox 348 2193 639 2232; x_wconf 90' lang='lat' dir='ltr'>armorum</span> <span class='ocrx_word' id='word_1_162' title='bbox 661 2173 1045 2232; x_wconf 88' lang='lat' dir='ltr'>tenendorum</span> <span class='ocrx_word' id='word_1_163' title='bbox 1072 2177 1339 2254; x_wconf 89' lang='lat' dir='ltr'>potentia</span> <span class='ocrx_word' id='word_1_164' title='bbox 1365 2183 1531 2249; x_wconf 87' lang='lat' dir='ltr'>esset,</span> <span class='ocrx_word' id='word_1_165' title='bbox 1555 2183 1614 2236; x_wconf 91' lang='lat' dir='ltr'>et</span> <span class='ocrx_word' id='word_1_166' title='bbox 1635 2176 1805 2234; x_wconf 87' lang='lat' dir='ltr'>simul</span> <span class='ocrx_word' id='word_1_167' title='bbox 1826 2175 2160 2236; x_wconf 87' lang='lat' dir='ltr'>lassitudine</span> 
     </span>
     <span class='ocr_line' id='line_1_22' title="bbox 222 2269 1594 2350; baseline 0.001 -20"><span class='ocrx_word' id='word_1_168' title='bbox 222 2281 283 2330; x_wconf 89' lang='lat' dir='ltr'>et</span> <span class='ocrx_word' id='word_1_169' title='bbox 308 2270 655 2350; x_wconf 86' lang='lat' dir='ltr'>procedente</span> <span class='ocrx_word' id='word_1_170' title='bbox 683 2269 803 2347; x_wconf 84' lang='lat' dir='ltr'>jam</span> <span class='ocrx_word' id='word_1_171' title='bbox 830 2270 925 2328; x_wconf 85' lang='lat' dir='ltr'>die</span> <span class='ocrx_word' id='word_1_172' title='bbox 952 2270 1109 2330; x_wconf 82' lang='lat' dir='ltr'>fame</span> <span class='ocrx_word' id='word_1_173' title='bbox 1138 2271 1313 2330; x_wconf 86' lang='lat' dir='ltr'>etiam</span> <span class='ocrx_word' id='word_1_174' title='bbox 1341 2271 1594 2332; x_wconf 85' lang='lat' dir='ltr'>deficere.</span> 
     </span>
    </p>
   </div>
   <div class='ocr_carea' id='block_1_4' title="bbox 1131 2449 1254 2509">
    <p class='ocr_par' dir='ltr' id='par_1_5' title="bbox 1131 2449 1254 2509">
     <span class='ocr_line' id='line_1_23' title="bbox 1131 2449 1254 2509; baseline 0.024 -3"><span class='ocrx_word' id='word_1_175' title='bbox 1131 2449 1254 2509; x_wconf 87' lang='lat' dir='ltr'>LV.</span> 
     </span>
    </p>
   </div>
   <div class='ocr_carea' id='block_1_5' title="bbox 220 2562 2252 3870">
    <p class='ocr_par' dir='ltr' id='par_1_6' title="bbox 220 2562 2252 3800">
     <span class='ocr_line' id='line_1_24' title="bbox 273 2562 2158 2646; baseline 0.006 -30"><span class='ocrx_word' id='word_1_176' title='bbox 273 2575 319 2616; x_wconf 78' lang='grc' dir='ltr'><strong>Η</strong></span> <span class='ocrx_word' id='word_1_177' title='bbox 338 2585 414 2616; x_wconf 80' lang='lat' dir='ltr'>an</span> <span class='ocrx_word' id='word_1_178' title='bbox 434 2585 463 2615; x_wconf 90' lang='lat' dir='ltr'>n</span> <span class='ocrx_word' id='word_1_179' title='bbox 482 2574 499 2616; x_wconf 69' lang='grc' dir='ltr'>ι</span> <span class='ocrx_word' id='word_1_180' title='bbox 518 2574 548 2616; x_wconf 82' lang='lat' dir='ltr'>b</span> <span class='ocrx_word' id='word_1_181' title='bbox 566 2573 627 2616; x_wconf 80' lang='lat' dir='ltr'>al</span> <span class='ocrx_word' id='word_1_182' title='bbox 750 2562 1095 2622; x_wconf 87' lang='lat' dir='ltr'>Hannibalis</span> <span class='ocrx_word' id='word_1_183' title='bbox 1127 2563 1363 2623; x_wconf 88' lang='lat' dir='ltr'>interim</span> <span class='ocrx_word' id='word_1_184' title='bbox 1397 2565 1577 2640; x_wconf 89' lang='lat' dir='ltr'>miles,</span> <span class='ocrx_word' id='word_1_185' title='bbox 1608 2567 1840 2646; x_wconf 87' lang='lat' dir='ltr'>ignibus</span> <span class='ocrx_word' id='word_1_186' title='bbox 1871 2576 2006 2628; x_wconf 89' lang='lat' dir='ltr'>ante</span> <span class='ocrx_word' id='word_1_187' title='bbox 2037 2576 2158 2628; x_wconf 87' lang='lat' dir='ltr'>ten-</span> 
     </span>
     <span class='ocr_line' id='line_1_25' title="bbox 220 2641 2158 2750; baseline 0.004 -36"><span class='ocrx_word' id='word_1_188' title='bbox 220 2641 498 2750; x_wconf 50' lang='grc' dir='ltr'>ἓθζξζξῗθ</span> <span class='ocrx_word' id='word_1_189' title='bbox 521 2651 625 2749; x_wconf 58' lang='lat' dir='ltr'>Jh‘:</span> <span class='ocrx_word' id='word_1_190' title='bbox 666 2659 816 2716; x_wconf 88' lang='lat' dir='ltr'>toria</span> <span class='ocrx_word' id='word_1_191' title='bbox 854 2659 1040 2731; x_wconf 78' lang='lat' dir='ltr'>factiS,</span> <span class='ocrx_word' id='word_1_192' title='bbox 1072 2659 1314 2738; x_wconf 90' lang='lat' dir='ltr'>oleoque</span> <span class='ocrx_word' id='word_1_193' title='bbox 1353 2680 1459 2738; x_wconf 89' lang='lat' dir='ltr'>per</span> <span class='ocrx_word' id='word_1_194' title='bbox 1497 2665 1837 2741; x_wconf 89' lang='lat' dir='ltr'>manipulos,</span> <span class='ocrx_word' id='word_1_195' title='bbox 1869 2672 1936 2724; x_wconf 92' lang='lat' dir='ltr'>ut</span> <span class='ocrx_word' id='word_1_196' title='bbox 1976 2666 2158 2724; x_wconf 90' lang='lat' dir='ltr'>molli-</span> 
     </span>
     <span class='ocr_line' id='line_1_26' title="bbox 224 2756 2158 2838; baseline 0.002 -22"><span class='ocrx_word' id='word_1_197' title='bbox 224 2774 386 2816; x_wconf 79' lang='lat' dir='ltr'>main</span> <span class='ocrx_word' id='word_1_198' title='bbox 415 2774 540 2826; x_wconf 81' lang='lat' dir='ltr'>body</span> <span class='ocrx_word' id='word_1_199' title='bbox 567 2773 623 2815; x_wconf 75' lang='lat' dir='ltr'>os</span> <span class='ocrx_word' id='word_1_200' title='bbox 667 2762 795 2813; x_wconf 87' lang='lat' dir='ltr'>rent</span> <span class='ocrx_word' id='word_1_201' title='bbox 822 2762 994 2827; x_wconf 77' lang='lat' dir='ltr'>artuS,</span> <span class='ocrx_word' id='word_1_202' title='bbox 1027 2756 1220 2828; x_wconf 88' lang='lat' dir='ltr'>misso,</span> <span class='ocrx_word' id='word_1_203' title='bbox 1253 2763 1312 2814; x_wconf 91' lang='lat' dir='ltr'>et</span> <span class='ocrx_word' id='word_1_204' title='bbox 1340 2757 1470 2815; x_wconf 91' lang='lat' dir='ltr'>cibo</span> <span class='ocrx_word' id='word_1_205' title='bbox 1498 2777 1604 2835; x_wconf 89' lang='lat' dir='ltr'>per</span> <span class='ocrx_word' id='word_1_206' title='bbox 1631 2761 1815 2817; x_wconf 90' lang='lat' dir='ltr'>otium</span> <span class='ocrx_word' id='word_1_207' title='bbox 1846 2769 2031 2838; x_wconf 91' lang='lat' dir='ltr'>capto,</span> <span class='ocrx_word' id='word_1_208' title='bbox 2057 2761 2158 2819; x_wconf 93' lang='lat' dir='ltr'>ubi</span> 
     </span>
     <span class='ocr_line' id='line_1_27' title="bbox 224 2840 2159 2948; baseline 0.004 -41"><span class='ocrx_word' id='word_1_209' title='bbox 224 2842 305 2948; x_wconf 51' lang='grc' dir='ltr'>ΜΞ</span> <span class='ocrx_word' id='word_1_210' title='bbox 332 2840 628 2948; x_wconf 40' lang='lat' dir='ltr'>{gez-Ari</span> <span class='ocrx_word' id='word_1_211' title='bbox 666 2857 1048 2930; x_wconf 86' lang='lat' dir='ltr'>transgressos</span> <span class='ocrx_word' id='word_1_212' title='bbox 1081 2851 1296 2910; x_wconf 89' lang='lat' dir='ltr'>flumen</span> <span class='ocrx_word' id='word_1_213' title='bbox 1329 2852 1526 2910; x_wconf 89' lang='lat' dir='ltr'>hostes</span> <span class='ocrx_word' id='word_1_214' title='bbox 1559 2855 1888 2913; x_wconf 87' lang='lat' dir='ltr'>nuntiatum</span> <span class='ocrx_word' id='word_1_215' title='bbox 1921 2864 2024 2929; x_wconf 90' lang='lat' dir='ltr'>est,</span> <span class='ocrx_word' id='word_1_216' title='bbox 2049 2857 2159 2914; x_wconf 87' lang='lat' dir='ltr'>ala-</span> 
     </span>
     <span class='ocr_line' id='line_1_28' title="bbox 222 2918 2252 3028; baseline 0.001 -25"><span class='ocrx_word' id='word_1_217' title='bbox 222 2920 297 3016; x_wconf 56' lang='grc' dir='ltr'>ἱῖ,</span> <span class='ocrx_word' id='word_1_218' title='bbox 309 2918 519 3025; x_wconf 55' lang='grc' dir='ltr'>ἕωξςω-</span> <span class='ocrx_word' id='word_1_219' title='bbox 530 2918 630 3016; x_wconf 56' lang='grc' dir='ltr'>ῃῗψ.</span> <span class='ocrx_word' id='word_1_220' title='bbox 670 2965 765 3004; x_wconf 90' lang='lat' dir='ltr'>cer</span> <span class='ocrx_word' id='word_1_221' title='bbox 796 2948 1003 3006; x_wconf 88' lang='lat' dir='ltr'>animis</span> <span class='ocrx_word' id='word_1_222' title='bbox 1036 2947 1485 3026; x_wconf 89' lang='lat' dir='ltr'>corporibusque</span> <span class='ocrx_word' id='word_1_223' title='bbox 1519 2967 1678 3006; x_wconf 88' lang='lat' dir='ltr'>arma</span> <span class='ocrx_word' id='word_1_224' title='bbox 1709 2950 1864 3026; x_wconf 89' lang='lat' dir='ltr'>capit</span> <span class='ocrx_word' id='word_1_225' title='bbox 1891 2958 2064 3028; x_wconf 86' lang='lat' dir='ltr'>atque</span> <span class='ocrx_word' id='word_1_226' title='bbox 2095 2953 2156 3008; x_wconf 86' lang='lat' dir='ltr'>in</span> <span class='ocrx_word' id='word_1_227' title='bbox 2217 2954 2252 3006; x_wconf 84' lang='lat'><strong>5</strong></span> 
     </span>
     <span class='ocr_line' id='line_1_29' title="bbox 224 3040 2154 3124; baseline 0.001 -23"><span class='ocrx_word' id='word_1_228' title='bbox 224 3040 561 3084; x_wconf 61' lang='lat' dir='ltr'>tle-Number</span> <span class='ocrx_word' id='word_1_229' title='bbox 578 3041 631 3082; x_wconf 59' lang='grc' dir='ltr'>Οἵ</span> <span class='ocrx_word' id='word_1_230' title='bbox 666 3043 847 3102; x_wconf 81' lang='lat' dir='ltr'>aciem</span> <span class='ocrx_word' id='word_1_231' title='bbox 896 3044 1173 3120; x_wconf 90' lang='lat' dir='ltr'>procedit.</span> <span class='ocrx_word' id='word_1_232' title='bbox 1260 3043 1528 3102; x_wconf 85' lang='lat' dir='ltr'>Baleares</span> <span class='ocrx_word' id='word_1_233' title='bbox 1583 3043 1733 3102; x_wconf 87' lang='lat' dir='ltr'>locat</span> <span class='ocrx_word' id='word_1_234' title='bbox 1787 3051 1920 3102; x_wconf 88' lang='lat' dir='ltr'>ante</span> <span class='ocrx_word' id='word_1_235' title='bbox 1975 3047 2154 3124; x_wconf 87' lang='lat' dir='ltr'>signa,</span> 
     </span>
     <span class='ocr_line' id='line_1_30' title="bbox 222 3105 2160 3220; baseline 0.003 -26"><span class='ocrx_word' id='word_1_236' title='bbox 222 3118 331 3215; x_wconf 55' lang='lat'>,¹222</span> <span class='ocrx_word' id='word_1_237' title='bbox 351 3105 626 3216; x_wconf 46' lang='grc' dir='ltr'>3ξὲῗῖ</span> <span class='ocrx_word' id='word_1_238' title='bbox 665 3138 965 3220; x_wconf 86' lang='lat' dir='ltr'>levemque</span> <span class='ocrx_word' id='word_1_239' title='bbox 998 3146 1363 3214; x_wconf 86' lang='lat' dir='ltr'>armaturam,</span> <span class='ocrx_word' id='word_1_240' title='bbox 1396 3147 1529 3198; x_wconf 90' lang='lat' dir='ltr'>octo</span> <span class='ocrx_word' id='word_1_241' title='bbox 1563 3142 1746 3199; x_wconf 87' lang='lat' dir='ltr'>ferme</span> <span class='ocrx_word' id='word_1_242' title='bbox 1779 3140 1940 3198; x_wconf 89' lang='lat' dir='ltr'>milia</span> <span class='ocrx_word' id='word_1_243' title='bbox 1975 3142 2160 3200; x_wconf 90' lang='lat' dir='ltr'>homi·</span> 
     </span>
     <span class='ocr_line' id='line_1_31' title="bbox 224 3236 2160 3318; baseline 0.004 -27"><span class='ocrx_word' id='word_1_244' title='bbox 224 3239 446 3291; x_wconf 70' lang='lat' dir='ltr'>seription</span> <span class='ocrx_word' id='word_1_245' title='bbox 471 3240 525 3282; x_wconf 86' lang='lat' dir='ltr'>or</span> <span class='ocrx_word' id='word_1_246' title='bbox 545 3240 625 3282; x_wconf 76' lang='lat' dir='ltr'>the</span> <span class='ocrx_word' id='word_1_247' title='bbox 667 3253 845 3308; x_wconf 83' lang='lat' dir='ltr'>num3</span> <span class='ocrx_word' id='word_1_248' title='bbox 901 3236 1037 3294; x_wconf 88' lang='lat' dir='ltr'>dein</span> <span class='ocrx_word' id='word_1_249' title='bbox 1086 3237 1406 3313; x_wconf 85' lang='lat' dir='ltr'>graviorem</span> <span class='ocrx_word' id='word_1_250' title='bbox 1461 3237 1635 3312; x_wconf 80' lang='lat' dir='ltr'>armis</span> <span class='ocrx_word' id='word_1_251' title='bbox 1689 3237 1964 3315; x_wconf 88' lang='lat' dir='ltr'>peditem,</span> <span class='ocrx_word' id='word_1_252' title='bbox 2002 3239 2160 3318; x_wconf 92' lang='lat' dir='ltr'>quod</span> 
     </span>
     <span class='ocr_line' id='line_1_32' title="bbox 224 3308 2161 3418; baseline 0.004 -30"><span class='ocrx_word' id='word_1_253' title='bbox 224 3308 351 3360; x_wconf 39' lang='grc' dir='ltr'>ΨΜ·</span> <span class='ocrx_word' id='word_1_254' title='bbox 668 3333 895 3405; x_wconf 88' lang='lat' dir='ltr'>virium,</span> <span class='ocrx_word' id='word_1_255' title='bbox 942 3333 1099 3412; x_wconf 93' lang='lat' dir='ltr'>quod</span> <span class='ocrx_word' id='word_1_256' title='bbox 1142 3333 1366 3392; x_wconf 89' lang='lat' dir='ltr'>roboris</span> <span class='ocrx_word' id='word_1_257' title='bbox 1410 3342 1546 3394; x_wconf 86' lang='lat' dir='ltr'>erat.</span> <span class='ocrx_word' id='word_1_258' title='bbox 1631 3335 1701 3392; x_wconf 92' lang='lat' dir='ltr'>In</span> <span class='ocrx_word' id='word_1_259' title='bbox 1745 3335 2013 3418; x_wconf 72' lang='lat' dir='ltr'>cornibus</span> <span class='ocrx_word' id='word_1_260' title='bbox 2057 3338 2161 3396; x_wconf 90' lang='lat' dir='ltr'>cir-</span> 
     </span>
     <span class='ocr_line' id='line_1_33' title="bbox 226 3427 2252 3514; baseline 0.003 -28"><span class='ocrx_word' id='word_1_261' title='bbox 226 3427 517 3486; x_wconf 83' lang='lat' dir='ltr'>cumfudit</span> <span class='ocrx_word' id='word_1_262' title='bbox 543 3427 743 3488; x_wconf 90' lang='lat' dir='ltr'>decem</span> <span class='ocrx_word' id='word_1_263' title='bbox 777 3429 938 3488; x_wconf 87' lang='lat' dir='ltr'>milia</span> <span class='ocrx_word' id='word_1_264' title='bbox 970 3430 1248 3508; x_wconf 89' lang='lat' dir='ltr'>equitum,</span> <span class='ocrx_word' id='word_1_265' title='bbox 1273 3437 1332 3489; x_wconf 91' lang='lat' dir='ltr'>et</span> <span class='ocrx_word' id='word_1_266' title='bbox 1359 3431 1430 3490; x_wconf 89' lang='lat' dir='ltr'>ab</span> <span class='ocrx_word' id='word_1_267' title='bbox 1464 3432 1734 3492; x_wconf 86' lang='lat' dir='ltr'>cornibus</span> <span class='ocrx_word' id='word_1_268' title='bbox 1760 3432 1822 3489; x_wconf 89' lang='lat' dir='ltr'>in</span> <span class='ocrx_word' id='word_1_269' title='bbox 1856 3439 2157 3514; x_wconf 88' lang='lat' dir='ltr'>utramque</span> <span class='ocrx_word' id='word_1_270' title='bbox 2180 3439 2252 3493; x_wconf 91' lang='lat'>10</span> 
     </span>
     <span class='ocr_line' id='line_1_34' title="bbox 225 3525 2159 3608; baseline 0.003 -25"><span class='ocrx_word' id='word_1_271' title='bbox 225 3532 450 3603; x_wconf 88' lang='lat' dir='ltr'>partem</span> <span class='ocrx_word' id='word_1_272' title='bbox 478 3525 695 3584; x_wconf 88' lang='lat' dir='ltr'>divisos</span> <span class='ocrx_word' id='word_1_273' title='bbox 724 3526 1059 3604; x_wconf 85' lang='lat' dir='ltr'>elephantos</span> <span class='ocrx_word' id='word_1_274' title='bbox 1088 3529 1306 3585; x_wconf 87' lang='lat' dir='ltr'>statuit.</span> <span class='ocrx_word' id='word_1_275' title='bbox 1380 3527 1596 3587; x_wconf 86' lang='lat' dir='ltr'>Consul</span> <span class='ocrx_word' id='word_1_276' title='bbox 1619 3530 1832 3587; x_wconf 84' lang='lat' dir='ltr'>effusos</span> <span class='ocrx_word' id='word_1_277' title='bbox 1859 3539 2159 3608; x_wconf 89' lang='lat' dir='ltr'>sequent-es</span> 
     </span>
     <span class='ocr_line' id='line_1_35' title="bbox 225 3623 2158 3703; baseline 0 -21"><span class='ocrx_word' id='word_1_278' title='bbox 225 3623 463 3701; x_wconf 86' lang='lat' dir='ltr'>equites,</span> <span class='ocrx_word' id='word_1_279' title='bbox 488 3641 623 3684; x_wconf 89' lang='lat' dir='ltr'>cum</span> <span class='ocrx_word' id='word_1_280' title='bbox 649 3623 721 3682; x_wconf 90' lang='lat' dir='ltr'>ab</span> <span class='ocrx_word' id='word_1_281' title='bbox 749 3623 1145 3684; x_wconf 89' lang='lat' dir='ltr'>resistentibus</span> <span class='ocrx_word' id='word_1_282' title='bbox 1172 3623 1366 3681; x_wconf 89' lang='lat' dir='ltr'>subito</span> <span class='ocrx_word' id='word_1_283' title='bbox 1398 3624 1670 3684; x_wconf 85' lang='lat' dir='ltr'>Numidis</span> <span class='ocrx_word' id='word_1_284' title='bbox 1696 3626 1911 3684; x_wconf 88' lang='lat' dir='ltr'>incauti</span> <span class='ocrx_word' id='word_1_285' title='bbox 1940 3627 2158 3703; x_wconf 80' lang='lat' dir='ltr'>excipe-</span> 
     </span>
     <span class='ocr_line' id='line_1_36' title="bbox 226 3715 2153 3800; baseline -0.001 -21"><span class='ocrx_word' id='word_1_286' title='bbox 226 3726 437 3793; x_wconf 86' lang='lat' dir='ltr'>rentur,</span> <span class='ocrx_word' id='word_1_287' title='bbox 460 3719 629 3798; x_wconf 88' lang='lat' dir='ltr'>signo</span> <span class='ocrx_word' id='word_1_288' title='bbox 656 3721 913 3800; x_wconf 88' lang='lat' dir='ltr'>receptui</span> <span class='ocrx_word' id='word_1_289' title='bbox 940 3721 1095 3792; x_wconf 90' lang='lat' dir='ltr'>dat0,</span> <span class='ocrx_word' id='word_1_290' title='bbox 1119 3725 1416 3796; x_wconf 80' lang='lat' dir='ltr'>revocatos</span> <span class='ocrx_word' id='word_1_291' title='bbox 1442 3721 1821 3780; x_wconf 83' lang='lat' dir='ltr'>circumdedit</span> <span class='ocrx_word' id='word_1_292' title='bbox 1846 3715 2153 3797; x_wconf 78' lang='lat' dir='ltr'>peditibus.</span> 
     </span>
    </p>

    <p class='ocr_par' dir='ltr' id='par_1_7' title="bbox 1159 3813 1219 3870">
     <span class='ocr_line' id='line_1_37' title="bbox 1159 3813 1219 3870; baseline 0 0"><span class='ocrx_word' id='word_1_293' title='bbox 1159 3813 1219 3870; x_wconf 90' lang='lat' dir='ltr'>K</span> 
     </span>
    </p>
   </div>
  </div>
 </body>
</html>
