2459 3967
263 212 390 275 104
1085 226 1205 268 rm
1248 226 1375 268 uvr
1939 204 2092 283 [Lm.
2120 208 2199 267 ΙΙ.-

261 371 402 431 fecti
425 371 615 450 operis
637 370 910 441 sublatus,
933 388 1145 448 pavore
1173 368 1367 427 subito
1388 332 1673 446 impetum
1695 368 1983 426 sustinuit.
2046 368 2200 426 Tum
2222 375 2307 427 35

263 470 468 528 Cocles
491 470 526 498 “
545 468 814 527 Tiberine
834 474 1000 545 pater
1013 466 1046 494 ’'
1076 467 1286 545 inquit,
1309 466 1345 495 “
1362 473 1421 526 te
1444 473 1637 525 sancte
1657 485 1873 544 precor,
1892 466 2022 525 haec
2043 485 2204 525 arma

263 574 323 625 et
349 566 503 625 hunc
529 565 776 623 militem
803 564 1060 643 propitio
1087 562 1327 622 flumine
1354 562 1655 641 accipias.'’
1727 562 1819 621 Ita
1839 562 1919 621 sic
1947 570 2201 621 armatus

262 665 326 721 in
357 663 614 723 Tiberim
629 661 898 734 desiluit,
927 660 1241 739 multisque
1283 659 1842 739 superincidentibus
1878 660 2011 719 telis
2045 661 2204 719 inco-

263 759 438 817 lumis
471 757 546 816 ad
578 776 712 816 suos
741 756 1010 828 tranavit,
1039 775 1162 814 rem
1181 774 1367 814 ,ausus
1398 754 1529 833 plus
1556 756 1732 815 famae
1763 754 2091 814 habituram
2125 756 2205 814 ad

266 862 528 933 posteros
545 874 720 933 quam
739 853 890 911 fidei.
945 852 1124 911 Grata
1145 871 1281 929 erga
1300 858 1523 911 tantam
1539 852 1813 910 virtutem
1834 852 2035 911 civitas
2052 853 2200 911 fuit:
2221 855 2315 909 40

267 958 456 1011 statua
496 952 558 1009 in
605 950 842 1009 comitio
895 948 1102 1027 posita,
1151 949 1277 1025 agri
1324 956 1605 1026 quantum
1654 968 1771 1007 uno
1820 947 1915 1007 die
1964 950 2205 1028 circum-

269 1051 449 1109 aravit
485 1050 702 1107 datum.
786 1047 1020 1105 Privata
1058 1064 1289 1124 quoque
1320 1046 1473 1104 inter
1513 1045 1775 1124 publicos
1805 1046 2054 1105 honores
2088 1052 2205 1105 stu-

269 1147 368 1205 dia
399 1144 762 1203 eminebant:
804 1162 940 1203 nam
968 1143 1029 1200 in
1057 1160 1271 1220 magua
1300 1142 1501 1220 inopia
1525 1161 1631 1220 pro
1660 1142 1993 1201 domesticis
2020 1144 2206 1223 copiis

269 1242 660 1319 unusquisque
689 1240 744 1298 ei
771 1239 992 1317 aliquid
1017 1238 1293 1297 fraudans
1320 1257 1381 1297 se
1407 1239 1532 1317 ipse
1559 1239 1716 1298 victu
1744 1258 1849 1298 suo
1877 1240 2139 1299 contulit.

1179 1417 1289 1477 XI.
1836 1412 2060 1495 Qvod(

320 1578 526 1621 Porsena
539 1579 674 1621 chan-
796 1532 1068 1607 Porsena,
1091 1534 1284 1612 primo
1313 1539 1523 1593 conatu
1551 1533 1828 1612 repulsus,
1850 1534 2104 1593 consiliis
2129 1536 2206 1593 ab

271 1656 354 1699 ges
389 1645 464 1687 his
501 1645 674 1698 plane
718 1629 1111 1709 oppugnanda
1140 1630 1282 1689 urbe
1323 1629 1397 1688 ad
1430 1630 1807 1689 obsidendam
1838 1630 2031 1703 versiS,
2062 1650 2209 1708 prae-

273 1712 675 1831 ξζῗὴῇἰΐζέξ
715 1728 864 1786 sidio
893 1728 953 1785 in
981 1727 1020 1786 J
1021 1726 1251 1786 aniculo
1278 1727 1484 1799 locat0,
1508 1728 1631 1805 ipse
1659 1728 1720 1786 in
1748 1727 1923 1806 plano
1950 1728 2209 1807 ripisque

273 1846 439 1899 siege.
455 1846 676 1888 -Plun-
715 1825 938 1883 Tiberis
971 1830 1156 1882 castra
1187 1823 1399 1902 posuit,
1424 1822 1665 1882 navibus
1698 1824 1955 1903 undique
1988 1824 2205 1898 accitiS,

272 1914 436 2023 ⁰⁶¹3}
459 1914 538 1955 ‘¹¹⁰
581 1924 678 1955 ⁸¹¹⁸·
716 1929 776 1981 et
823 1922 897 1979 ad
945 1920 1285 1992 custodiam,
1324 1940 1398 1978 ne
1447 1919 1590 1998 quid
1636 1920 1883 1979 Romam
1925 1922 2207 1981 frumenti

273 1991 679 2099 ἷῖῗ-ἕὲρὲἶῖᾞ
720 2018 962 2079 subvehi
996 2018 1223 2089 sineret,
1256 2024 1315 2075 et
1346 2024 1415 2075 ut
1446 2017 1773 2096 praedatum·
1801 2017 2015 2077 milites
2048 2026 2210 2078 trans

275 2114 340 2157 ‘¹¹¹
373 2114 592 2157 ammian
617 2114 672 2156 ⁰¹
717 2115 932 2175 flumen
953 2133 1057 2193 per
1077 2113 1405 2172 occasiones
1432 2114 1559 2171 aliis
1580 2121 1754 2192 atque
1781 2115 1907 2173 aliis
1934 2115 2076 2174 locis
2096 2122 2209 2174 tra-

274 2180 327 2222 1².
336 2181 554 2223 Valerius.
716 2211 965 2289 'jiceret3
1014 2211 1289 2288 brevique
1331 2209 1475 2268 adeo
1512 2210 1789 2269 infestum
1827 2230 2058 2271 omnem
2093 2211 2211 2270 Ro-

274 2327 512 2368 manum
551 2326 752 2386 agrum
789 2307 1057 2379 reddidit,
1089 2313 1156 2365 ut
1196 2325 1314 2364 non
1348 2312 1537 2365 cetera
1568 2306 1753 2365 solum
1795 2327 1865 2366 ex
1906 2307 2073 2387 agris,
2106 2306 2211 2367 sed

275 2424 450 2485 pecus
472 2424 700 2483 quoque
723 2422 894 2463 omne
914 2405 975 2462 in
997 2404 1198 2463 urbem
1221 2404 1672 2482 compelleretur,
1695 2423 1881 2483 neque
1904 2407 2208 2484 quisquam
2230 2412 2321 2467 10

277 2510 438 2563 extra
458 2509 656 2581 portas
676 2501 995 2581 propellere
1016 2501 1269 2560 auderet.
1341 2502 1475 2560 Hoc
1494 2507 1722 2560 tantum
1743 2503 1989 2562 licentiae
2012 2502 2211 2561 Etrus-

276 2601 375 2672 cis,
407 2619 526 2679 non
569 2606 732 2657 metu
771 2598 972 2675 magiS,
1005 2618 1176 2676 quam
1219 2598 1460 2657 consilio
1506 2618 1857 2658 concessum.
1942 2600 2210 2678 Namque

277 2697 543 2758 Valerius
591 2695 806 2767 consul,
850 2696 1107 2753 intentus
1154 2696 1215 2754 in
1265 2696 1623 2754 occasionem
1670 2697 1887 2756 multos
1934 2698 2104 2755 simul
2150 2704 2211 2756 et

277 2796 492 2855 effusos
518 2793 834 2871 improviso
863 2792 1185 2865 adoriundi,
1209 2793 1271 2849 in
1299 2794 1489 2871 parvis
1516 2793 1685 2852 rebus
1711 2793 2009 2873 negligens
2036 2794 2207 2869 ultor,

277 2911 511 2972 gravem
541 2911 599 2949 se
629 2890 703 2949 ad
731 2890 952 2968 majora
979 2889 1267 2948 vindicem
1297 2889 1572 2949 servabat.
1643 2890 1863 2969 Itaque,
1886 2897 1954 2949 ut
1981 2891 2210 2950 eliceret
2230 2896 2259 2949 1
2274 2899 2319 2951 5

277 2991 644 3071 praedatores,
669 2988 846 3048 edicit
886 2987 1019 3060 suis,
1042 2993 1277 3073 postero
1310 2986 1405 3045 die
1436 2987 1767 3066 frequentes
1808 2995 1977 3067 porta
2008 2988 2211 3067 Esqui-

278 3089 412 3161 lina,
439 3108 568 3167 quae
603 3086 962 3145 aversissima
987 3084 1060 3142 ab
1089 3084 1257 3143 hoste
1291 3091 1427 3155 erat,
1452 3085 1800 3162 expellerent
1827 3105 2001 3163 pecus
2042 3087 2211 3145 scitu-

277 3206 372 3245 ros
401 3186 464 3245 id
484 3186 680 3245 hostes
709 3191 882 3255 ratuS,
909 3181 1065 3260 quod
1092 3181 1153 3239 in
1182 3180 1483 3240 obsidione
1513 3189 1571 3239 et
1591 3181 1748 3239 fame
1777 3182 2007 3241 servitia
2030 3184 2211 3241 infida

278 3284 721 3359 transfugerent.
787 3281 866 3337 Et
887 3280 1061 3337 sciere
1089 3278 1349 3357 perfugae
1378 3278 1630 3352 indicio3
1673 3279 1971 3357 multoque
2000 3281 2208 3358 plureS,

279 3385 347 3433 ut
375 3378 435 3433 in
465 3396 625 3452 spem
659 3377 937 3433 universae
967 3375 1197 3452 praedae,
1222 3376 1439 3433 flumen
1467 3376 1779 3452 trajiciunt.
1864 3376 1932 3434 P.
1945 3376 2212 3436 Valerius
2233 3382 2313 3435 20

280 3471 416 3528 inde
449 3470 514 3526 Τ.
538 3470 906 3526 Herminium
947 3490 1078 3528 cum
1115 3472 1363 3529 modicis
1395 3472 1577 3548 copiis
1610 3472 1684 3529 ad
1725 3472 2041 3531 secundum
2074 3473 2215 3552 lapi-

283 3565 416 3621 dem
445 3563 670 3621 Gabina
697 3564 789 3619 via
821 3564 1106 3622 occultum
1143 3565 1438 3624 considere
1464 3566 1646 3643 jubet,
1671 3567 1769 3645 Sp.
1790 3568 2049 3627 Lartium
2079 3590 2214 3629 cum

283 3657 554 3733 expedita
583 3656 884 3732 juventute
925 3658 998 3715 ad
1030 3666 1260 3735 portam
1293 3660 1581 3720 Collinam
1622 3670 1787 3736 stare,
1810 3663 1997 3724 donec
2027 3665 2216 3725 hostis

282 3756 603 3828 praetereat,
626 3750 762 3809 inde
795 3769 856 3811 se
888 3752 1154 3828 objicere,
1177 3775 1251 3815 ne
1284 3757 1361 3817 sit
1391 3758 1466 3817 ad
1492 3758 1708 3821 flumen
1742 3760 1976 3822 reditus.
2062 3762 2218 3823 Gon-

2397 0 2429 689 l
