2459 3967
334 212 458 275 130
1163 232 1280 269 τιτι
1324 230 1447 269 mvl
2014 204 2167 284 [Lm.
2196 210 2270 268 IL

327 372 401 431 ab
443 372 764 431 latronibus
805 372 1172 451 redemptus?
1254 372 1457 449 Egone
1496 371 1601 429 has
1640 371 2017 448 indignitates
2050 371 2275 429 diutius

327 470 514 547 patiar
543 489 714 547 quam
744 488 972 527 necesse
1001 471 1129 527 est?
1209 468 1587 546 Tarquinium
1622 486 1817 545 regem
1846 469 1946 545 qui
1980 488 2101 526 non
2130 468 2275 527 tule-

327 567 453 638 rim,
485 566 767 625 Sicinium
797 566 1018 624 feram‘?
1099 566 1343 624 Secedat
1370 584 1540 637 nunc,
1572 571 1772 623 avocet
1798 564 2061 643 plebem:
2107 572 2273 642 patet
2292 572 2361 623 35

327 664 422 721 via
451 664 514 721 in
547 664 784 722 Sacrum
819 670 1078 721 montem
1120 663 1375 741 aliosque
1417 647 1606 720 eolles.
1691 662 1943 739 Rapiant
1975 661 2274 721 frumenta

323 780 398 819 ex
441 760 608 838 agris,
642 780 814 839 quem
859 760 934 817 ad
974 760 1214 818 modum
1260 759 1431 817 tertio
1476 778 1627 817 anno
1672 778 1941 836 rapuere·
2009 758 2272 818 Utantur

325 877 570 930 annona,
603 878 776 936 quam
810 858 1006 916 furore
1050 877 1153 915 suo
1183 857 1391 915 fecere.
1477 856 1685 915 Audeo
1720 856 1924 939 dicere,
1956 856 2068 914 hoc
2112 857 2267 915 malo

327 956 581 1014 domitos
607 957 766 1034 ipsos
793 955 990 1034 potius
1019 954 1267 1013 cuItores
1295 973 1565 1031 agrorum
1584 954 1735 1024 fore,
1764 973 1935 1030 quam
1965 960 2032 1011 ut
2060 955 2268 1013 armati

326 1072 431 1130 per
470 1053 846 1111 secessionem
889 1052 1002 1109 coli
1025 1049 1443 1129 prohibeant.”
1526 1048 1705 1107 Haud
1736 1056 1855 1107 tam
1890 1050 2060 1108 facile
2102 1046 2265 1110 dictu
2285 1055 2359 1107 40

319 1157 430 1221 est,
453 1150 857 1209 faciendumne
885 1149 1078 1222 fuerit,
1104 1168 1277 1227 quam
1306 1147 1563 1226 potuisse
1590 1146 1835 1205 arbitror
1860 1146 1999 1218 fieri,
2024 1155 2107 1219 ut,
2133 1168 2267 1207 con-

327 1247 650 1305 dicionibus
690 1247 920 1305 laxandi
961 1266 1269 1319 annonam,
1306 1253 1365 1305 et
1404 1244 1772 1303 tribuniciam
1814 1250 2162 1322 potestatem
2204 1253 2265 1305 et

327 1344 524 1401 omnia
548 1343 744 1402 invitis
772 1343 901 1421 jura
929 1344 1202 1422 imposita
1228 1350 1421 1421 patres
1449 1342 1744 1401 demerent
1772 1340 1897 1401 sibi.
2252 1332 2259 1339 ⁶

1158 1522 1418 1581 XXXV.

377 1694 531 1747 Anger
564 1692 618 1735 or
648 1693 728 1735 the
850 1636 928 1694 Et
955 1636 1176 1695 senatui
1204 1635 1377 1692 nimis
1406 1642 1571 1693 atrox
1599 1636 1721 1693 visa
1754 1637 2037 1695 sententia
2070 1644 2173 1711 est,
2202 1645 2264 1697 et

325 1760 573 1803 commone
585 1762 633 1802 at
643 1761 730 1802 co-
770 1733 998 1811 plebem
1025 1734 1112 1791 ira
1137 1751 1319 1810 prope
1348 1732 1623 1791 armavit:
1668 1732 1931 1807 Fame-se
1958 1732 2077 1810 jam
2112 1734 2263 1793 sicut

323 1828 666 1871 nolanus—He
686 1826 726 1868 ¹⁸
769 1829 965 1887 hostes
1012 1830 1150 1906 peti,
1188 1828 1320 1886 cibo
1366 1828 1636 1906 victuque
1684 1829 1973 1903 fraudari3
2015 1832 2265 1909 peregri-

323 1893 727 2013 ἶξᾟῗζῗξξφξῗὺῖ
769 1944 909 1984 num
938 1925 1312 1997 frumentum,
1346 1944 1477 2002 quae
1513 1925 1633 1983 sola
1666 1924 1941 1984 alimenta
1974 1946 2042 1984 ex
2077 1927 2264 2005 inspe-
2288 1974 2295 1980 .

323 2028 604 2071 ποι-ΤΜ
619 2027 726 2069 sen-
767 2030 892 2081 rato
941 2022 1180 2079 fortuna
1229 2022 1468 2093 dederit,
1507 2021 1579 2079 ab
1631 2040 1729 2079 ore
1776 2022 1919 2100 rapi,
1955 2022 2067 2081 nisi
2116 2023 2259 2082 Caio
2320 2029 2355 2081 5

323 2094 726 2203 fficggzissrt‘l'lss:
766 2120 981 2177 Marcio
1017 2119 1196 2177 vincti
1243 2118 1527 2177 dedantur
1560 2117 1793 2190 tribuni,
1826 2116 1937 2177 nisi
1980 2116 2053 2177 de
2094 2126 2259 2198 tergo

323 2228 456 2269 -He
496 2228 606 2269 doe·
642 2228 726 2267 not
765 2216 950 2294 plebis
971 2215 1251 2273 Romanae
1274 2215 1529 2273 satisfiat.
1616 2214 1767 2273 Eum
1797 2214 1907 2273 sibi
1936 2216 2260 2275 carnificem

315 2304 611 2406 ἓξξθζῖηξέῗ,
634 2294 725 2396 3¹²3
767 2331 982 2378 novum
1025 2318 1307 2383 exortum,
1342 2313 1443 2389 qui
1478 2318 1577 2369 aut
1608 2312 1758 2369 mori
1792 2319 1894 2370 aut
1935 2313 2143 2381 servire
2173 2313 2262 2390 ju-

321 2422 364 2463 ia
389 2421 727 2463 condemned
767 2407 916 2467 beat.
1003 2408 1070 2464 In
1101 2415 1407 2465 exeuntem
1438 2429 1471 2466 e
1498 2409 1656 2465 curia
1684 2406 1935 2486 impetus
1961 2409 2152 2468 factus
2178 2430 2263 2469 esn-

313 2488 460 2595 -ἔξὲΐ
474 2488 726 2595 ἱξῖἒθὲξὶῖθ
767 2512 868 2575 set,
899 2505 960 2562 ni
1012 2510 1444 2582 peropportune
1492 2504 1711 2562 tribuni
1734 2505 1915 2563 'diem
1962 2506 2255 2582 dixissent.
2282 2514 2359 2566 lo

322 2631 491 2673 among
519 2622 596 2662 the
623 2620 725 2661 vol-
768 2600 856 2658 Ibi
871 2596 876 2601 ’
891 2602 976 2657 ira
1017 2608 1102 2659 est
1139 2620 1477 2678 suppressa:
1524 2622 1583 2659 se
1616 2601 1865 2679 judicem
1905 2604 2161 2681 quisque,
2198 2625 2260 2664 se

321 2687 501 2731 sci-..Is
527 2687 629 2729 ”⁷⁶¹¹
661 2698 726 2729 re·
767 2697 1067 2754 dominum
1105 2698 1243 2755 vitae
1282 2699 1551 2776 necisque
1590 2697 1811 2757 inimici
1852 2700 2071 2759 factum
2107 2702 2261 2760 vide-

321 2755 479 2798 coived
498 2755 560 2806 by
581 2755 720 2796 them.
766 2793 878 2852 bat.
963 2794 1365 2870 Contemptim
1386 2796 1575 2872 primo
1598 2796 1844 2853 Marcius
1866 2794 2136 2856 audiebat
2156 2799 2257 2856 mi-

322 2912 424 2952 nas
455 2892 823 2952 tribunicias:
863 2894 1061 2951 auxilii
1095 2914 1210 2952 non
1247 2915 1436 2973 poenae
1470 2897 1563 2974 jus
1596 2898 1795 2955 datum
1839 2897 1923 2954 illi
1964 2892 2255 2975 potestati,

319 2992 617 3071 plebisque
644 3011 761 3049 non
789 2997 1019 3069 patrum
1048 2990 1313 3051 tribunos
1340 3012 1476 3052 esse.
1562 2994 1677 3052 Sed
1706 2988 1850 3052 adeo
1879 2994 2105 3053 infensa
2138 3002 2259 3054 erat
2280 3001 2305 3052 1
2320 3002 2357 3054 5

320 3097 518 3148 coorta
558 3088 736 3167 plebs,
774 3096 840 3147 ut
877 3090 1048 3147 unius
1091 3110 1267 3168 poena
1308 3091 1743 3169 defungendum
1788 3084 1937 3149 esset
1979 3092 2255 3169 patribus.

320 3186 676 3244 Restiterunt
696 3193 891 3245 tamen
920 3186 1154 3245 adversa
1181 3188 1415 3260 invidia,
1436 3189 1637 3266 usique
1666 3194 1800 3247 sunt
1822 3207 1935 3267 qua
1963 3182 2079 3247 suis
2110 3191 2261 3268 quis·-

321 3300 431 3357 que
461 3301 574 3357 qua
599 3284 780 3341 totius
812 3284 1031 3342 ordinis
1049 3284 1289 3343 viribus.
1376 3285 1467 3343 Ac
1500 3286 1689 3363 primo
1718 3292 2004 3363 temptata
2028 3306 2117 3344 res
2152 3278 2254 3359 est,

317 3376 385 3443 si,
417 3376 711 3450 dispositis
763 3380 1083 3451 clientibus,
1121 3380 1490 3439 absterrendo
1535 3380 1793 3459 singulos
1832 3401 1868 3445 a
1908 3382 2258 3441 coitionibus

311 3469 689 3545 conciliisque
718 3475 979 3550 disjicere
1006 3495 1125 3533 rem
1160 3483 1411 3553 possent.
1496 3476 2007 3537 Universi'deinde
2033 3498 2257 3557 proces·
2276 3486 2355 3538 20

219 3562 232 3579 ·’
321 3580 442 3619 sere
486 3558 795 3643 (quidquid
837 3578 956 3627 erat
995 3579 1223 3647 patrum
1266 3590 1394 3630 reos
1434 3572 1677 3651 diceres)
1721 3575 1987 3651 precibus
2026 3570 2257 3654 plebem
2436 3554 2441 3565 ¹

317 3666 709 3732 exposcentes,
737 3681 918 3719 unum
947 3666 1057 3723 sibi
1089 3667 1289 3738 civem,
1320 3688 1501 3726 unum
1536 3677 1875 3743 senatorem,
1908 3673 1954 3729 si
1988 3666 2259 3732 innocen-

320 3756 440 3808 tem
467 3752 757 3813 absolvere
785 3756 1016 3830 nollent,
1035 3779 1153 3835 ⁴pro
1181 3770 1425 3821 nocente
1454 3764 1750 3825 donarent.
1778 3826 1791 3833 ,
1836 3762 1969 3844 Ipse
1998 3762 2131 3827 cum
2160 3770 2257 3828 dio
