2459 3967
363 7 623 137 ‘-·„
693 112 720 147 ,ἱ
934 16 1228 100 ree·
1312 8 1517 91 oet
1604 0 2227 205 *idemq

28 236 30 243 ·
199 212 646 293 -CARXXVJ
814 233 890 272 AB
934 234 1089 273 canu
1133 233 1400 273 comum
1444 234 1619 273 usur.
2101 214 2186 281 53

247 376 440 454 primo
469 375 666 433 statim
697 395 973 433 concursu
1003 376 1333 453 increpuere
1363 396 1535 447 arma,
1559 376 1948 456 micantesque
1976 376 2188 437 fulsere

247 474 447 551 gladii,
478 472 683 530 horror
721 474 925 551 ingens
969 480 1295 550 spectantes
1336 473 1712 551 perstringit3
1756 481 1830 545 et,
1868 482 2071 533 neutro
2106 475 2190 533 in-

248 570 464 628 clinata
491 589 608 647 spe,
632 570 898 647 torpebat
925 589 1037 627 vox
1067 570 1431 649 spiritusque.
1517 570 1811 629 Consertis
1839 571 2046 629 deinde
2073 591 2191 629 ma-

249 666 440 739 nibus,
477 686 610 725 cum
647 666 768 745 jam
808 686 926 725 non
967 673 1162 726 motus
1203 674 1427 725 tantum
1473 684 1797 746 corporum,
1834 668 2188 750 agitatioque

235 784 463 842 anceps
489 764 737 822 telorum·
765 784 1184 842 armorumque,
1219 765 1320 823 sed
1350 766 1582 823 vulnera
1611 785 1840 844 quoque
1868 773 1927 825 et
1958 767 2189 845 sanguis
2209 770 2283 823 20

247 860 578 939 spectaculo
611 868 817 933 essent,
849 861 964 919 duo
1001 862 1249 920 Romani
1284 881 1455 938 super
1486 862 1664 921 alium
1698 862 1859 936 alius,
1883 863 2191 922 vulneratis
2204 902 2385 975 -μ-

247 957 438 1017 tribus
471 957 728 1029 Albanis,
760 959 1113 1036 exspirantes
1147 965 1499 1041 corruerunt.
1583 958 1685 1017 Ad
1718 979 1961 1036 quorum
1995 960 2191 1019 casum

235 1074 386 1114 ‚eum
415 1054 822 1113 concinnasset
849 1056 1064 1133 gaudio
1091 1055 1355 1115 Albanus
1382 1056 1679 1128 exereitus,
1703 1056 1993 1115 Romanas
2018 1056 2193 1134 legio-

249 1172 354 1210 nes
381 1152 500 1229 ]'am
531 1171 660 1230 spes
685 1159 826 1225 tota,
851 1152 1112 1211 nondum
1139 1160 1336 1213 tamen
1364 1144 1514 1225 eura,
1540 1154 1877 1226 deseruerat,
1902 1154 2191 1213 exanimes

249 1250 376 1307 vice
404 1250 590 1321 nnius,
617 1268 787 1327 quem
815 1256 932 1309 tres
960 1250 1204 1309 Curiatii
1233 1252 1740 1357 ςέφιξξὲεωῐθωηι,
1764 1224 1785 1335 l
1825 1251 1995 1309 Forte
2026 1252 2077 1309 is
2108 1252 2191 1310 in-
2210 1258 2285 1309 25

247 1354 416 1425 teger
455 1348 587 1419 fuit,
619 1354 696 1407 ut·
725 1348 1004 1407 universis
1045 1348 1199 1407 solus
1242 1344 1603 1427 nequaquam
1650 1368 1770 1427 par,
1800 1349 1881 1408 sie
1922 1349 2191 1407 adversus

248 1444 512 1523 singulos
543 1432 725 1503 ferox.
809 1444 966 1523 Ergo
999 1451 1068 1503 ut
1101 1453 1424 1523 segregaret
1458 1466 1713 1524 pugnam
1756 1466 1971 1518 eorum,
2002 1465 2192 1526 capes-

249 1543 328 1600 sit
355 1543 576 1619 fugam,
601 1542 685 1600 ita
704 1549 868 1621 'ratus
895 1548 1204 1615 secuturos,
1227 1550 1297 1601 ut
1326 1562 1611 1622 quemque
1639 1544 1868 1602 vulnere
1895 1543 2189 1603 adfectum

249 1622 732 1724 eorpus(sineret.)
797 1639 928 1698 Jam
959 1640 1319 1723 aliquantum
1347 1640 1521 1718 spatii
1549 1660 1617 1699 ex
1648 1660 1715 1699 eo
1743 1641 1889 1713 1000,
1921 1640 2021 1699 ubi
2048 1660 2191 1719 pug-

247 1743 454 1795 natum
485 1742 590 1807 est,
620 1736 940 1813 aufugerat,
971 1756 1104 1795 eum
1139 1738 1449 1815 respiciens
1483 1737 1638 1795 videt
1670 1738 1897 1815 magnis
1929 1738 2190 1797 interval·
2210 1744 2285 1797 30

245 1833 322 1891 lis
365 1839 697 1911 sequentes;
739 1852 919 1891 unum
961 1832 1120 1893 haud
1156 1834 1359 1914 procul
1402 1834 1474 1892 ab
1520 1853 1643 1891 sese
1685 1832 1909 1891 abesse:
1954 1834 2015 1891 in
2056 1852 2189 1892 eum

249 1949 467 2007 magno
490 1913 732 2007 'impetu
771 1930 978 2003 rediit}
1020 1936 1095 2003 et,
1127 1932 1267 1990 dum
1297 1930 1559 1989 Albanus
1601 1930 1881 1988 exereitus
1920 1929 2191 1989 inclamat

227 2027 541 2099 -CuriatiiS,
569 2008 660 2097 {uzi
702 2046 874 2105 opem
915 2029 1106 2087 ferant
1145 2028 1329 2099 fratri,
1360 2028 1480 2106 jam
1580 2027 1811 2099 oratius,
1842 2046 1991 2086 caeso
2024 2026 2191 2087 hoste

251 2124 454 2195 victor,
497 2124 806 2183 secundam
855 2144 1112 2203 pugnam
1160 2122 1411 2203 petebat.
1551 2143 1660 2182 une
1708 2124 1971 2198 elamore,
2008 2126 2191 2203 qualis

249 2240 322 2279 ex
376 2220 665 2299 insperato
715 2221 1044 2279 faventium
1099 2221 1261 2297 solet,
1312 2221 1562 2280 Romani
1615 2220 1892 2299 adjuvant
1943 2222 2189 2281 militem
2210 2231 2285 2283 35

249 2335 457 2390 suum;
499 2325 560 2375 et
591 2316 687 2376 ille
719 2318 963 2395 defungi
996 2318 1201 2396 proelio
1246 2318 1507 2403 festinan
1558 2317 1751 2402 {Prius
1788 2320 1982 2396 itaque
2016 2339 2191 2397 quam

249 2414 411 2487 alter,
443 2414 542 2492 qui
570 2432 674 2473 nee
703 2414 903 2491 procul
933 2414 1142 2487 aberat,
1175 2415 1448 2492 consequi
1477 2422 1687 2492 posset,
1719 2422 1778 2473 et
1810 2416 2050 2474 alterum
2080 2415 2193 2474 Cu·

249 2512 486 2570 riatium
515 2510 763 2571 conficit.
845 2511 884 2570 J
885 2519 1353 2617 amquffiaequato
1382 2480 1571 2643 Mart}
1594 2512 1806 2589 singuli
1839 2519 2186 2590 supererant,

251 2609 353 2668 sed
386 2628 492 2668 nec
526 2628 629 2687 spe
660 2629 765 2668 nec
799 2609 1015 2668 viribus
1048 2596 1248 2687 pal-es:
1292 2610 1533 2683 alterum
1569 2610 1851 2675 intactum
1883 2610 2037 2668 ferro
2070 2629 2191 2668 cor-

251 2726 362 2784 pus
403 2713 464 2765 et
502 2706 795 2785 geminata
827 2706 1068 2765 victoria
1099 2707 1352 2765 ferocem
1394 2708 1455 2764 in
1496 2713 1784 2765 cert-amen
1817 2708 2052 2765 tertium
2096 2707 2190 2765 da·
2207 2711 2281 2767 40

251 2803 409 2876 bant,
453 2802 612 2876 alter,
649 2804 866 2861 fessum
915 2804 1163 2876 vulnere,
1201 2805 1419 2863 fessum
1467 2798 1635 2863 cursu
1684 2804 1915 2862 trahens
1963 2823 2187 2882 corpus,

251 2901 549 2979 vietusque
598 2902 842 2959 fratrum
894 2908 1026 2960 ante
1077 2921 1136 2959 se
1175 2908 1398 2979 ⁸strage,
1438 2902 1645 2960 victori
1694 2900 1969 2978 objicitur
2013 2900 2185 2959 hosti.

252 2998 374 3057 Nee
405 2998 547 3056 illud
573 2998 842 3077 proelium
867 2999 1003 3057 fuit.
1088 2998 1387 3056 Romanus
1417 2998 1706 3057 exsultans
1730 2998 1765 3027 ‘⁴
1784 2996 1977 3056 duos’'
2000 2998 2191 3075 inquit

253 3094 288 3122 ‘⁴
305 3096 554 3153 fratrum
601 3094 869 3155 Manibus
919 3095 1090 3168 dedi3
1133 3096 1371 3153 tertium
1420 3114 1605 3153 causae
1653 3094 1791 3152 belli
1838 3092 2093 3170 hujusce,
2124 3100 2191 3151 ut

249 3178 550 3251 Romanus
597 3191 828 3251 Albano
877 3193 1136 3269 imperet,
1175 3190 1382 3251 dab0.‘’
1466 3191 1617 3249 Male
1673 3180 1979 3251 sustinenti
2032 3210 2190 3250 arma
2208 3198 2285 3251 45

249 3276 510 3368 gladium
527 3268 791 3379 (superne
825 3268 1279 3443 jugulopldefigit,
1310 3288 1595 3368 jacentem
1630 3288 1855 3366 spoliat.
1940 3288 2191 3348 Romani

250 3394 490 3445 ovantes
522 3405 588 3445 ac
620 3386 972 3465 gratulantes
1071 3388 1317 3445 oratium
1352 3386 1659 3465 accipiunt,
1691 3405 1761 3444 eo
1796 3385 2017 3463 majore
2058 3406 2191 3445 eum
2336 3436 2357 3467 κ

247 3484 482 3563 gaudiQ
516 3502 646 3562 quo„
659 3503 842 3561 prope
875 3491 1097 3541 metum
1131 3503 1220 3542 res
1248 3484 1453 3541 fuerat.
1538 3483 1639 3542 Ad
1671 3483 2021 3559 sepulturam
2055 3484 2299 3584 indewss
2358 3492 2431 3564 ,μ

249 3600 488 3641 suorum
538 3600 900 3658 nequaquam
950 3580 1185 3657 paribus
1233 3579 1443 3636 animis
1485 3585 1801 3648 vertuntur,
1834 3578 2047 3653 quippe
2089 3578 2193 3632 im·
2222 3566 2265 3663 [3
2324 3530 2359 3618 )

247 3671 410 3755 perio
443 3674 608 3734 alteri
644 3650 825 3779 baeti(
849 3674 1012 3732 alteri
1045 3673 1285 3731 ditionis
1318 3672 1519 3731 alienes
1552 3672 1711 3729 facti.
1797 3669 2069 3744 Sepulcra
2100 3686 2191 3723 ex-
2210 3676 2286 3728 50

159 3802 174 3819 ·
247 3780 406 3845 stant
441 3792 559 3851 quo
595 3772 840 3850 quisque
873 3770 1002 3827 loco
1045 3767 1273 3839 cecidit,
1306 3768 1422 3825 duo
1456 3768 1721 3825 Romana
1752 3781 1869 3820 uno
1901 3762 2029 3817 loco
2063 3776 2191 3833 pro-

123 3892 226 3916 ἐμ
2318 3858 2429 3925 Δ
