2459 3967
262 238 411 297 Off.
438 233 669 315 XXII]
835 254 912 293 AB
954 254 1110 294 unns
1157 254 1419 294 coum-m
1464 254 1639 293 unm.
2071 239 2197 303 183

261 398 456 476 gentis
504 396 704 475 gloriae
748 396 1074 473 praedaeque
1114 396 1376 453 futurum
1424 397 1825 474 incipiamus.''
1908 398 2197 457 Omnibus

261 495 387 552 fere
420 493 643 551 visendi
677 494 882 569 domos
916 492 1108 549 oblata
1147 492 1299 549 ultro
1332 499 1588 569 potestas
1620 500 1784 569 grata
1821 502 1956 572 erat,
1988 502 2046 553 et
2077 495 2195 572 jam
2219 503 2293 555 20

264 576 722 649 desiderantibus
777 608 910 647 suos
958 596 1016 647 et
1063 588 1293 665 longius
1340 589 1401 645 in
1450 589 1711 669 futurum
1762 591 2199 667 providentibus

264 686 634 746 desiderium.
727 686 841 745 Per
873 692 1063 745 totum
1097 669 1329 762 tempus
1360 685 1569 743 hiemis
1598 687 1759 763 quies
1793 688 1944 751 inter
1976 688 2199 749 labores

265 791 369 843 aut
396 785 514 861 jam
551 784 856 843 exhaustos
889 790 989 841 aut
1054 776 1156 841 'ox
1193 782 1607 855 exhauriendos
1640 776 1933 846 renovavit
1961 806 2201 865 corpora

265 882 604 959 animosque
638 882 714 938 ad
747 795 1078 1035 omniallgn
1081 880 1309 956 integro
1341 864 1629 956 patienda.
1710 880 1863 941 Vere
1900 884 2087 959 primo
2126 884 2199 942 ad

265 978 522 1037 edictum
555 996 884 1037 convenere.

348 1075 658 1147 Hannibal,
711 1095 843 1134 cum
897 1068 1271 1135 recensuisset
1325 1076 1585 1135 omnium
1646 1076 1909 1153 gentium
1970 1078 2197 1151 auxilia,

264 1172 459 1232 Gades
497 1174 794 1252 profectus
830 1173 1068 1232 Herculi
1101 1181 1239 1232 vota
1278 1174 1537 1246 exsolvit,
1568 1175 1845 1252 novisque
1888 1195 1948 1233 se
1982 1176 2201 1254 obligat

266 1272 435 1343 votis,
459 1271 509 1328 si
542 1278 729 1329 cetera
753 1289 1030 1348 prospera
1060 1272 1395 1329 evenissent.
1481 1270 1624 1329 Inde
1650 1272 1905 1349 partiens
1936 1292 2098 1331 curas
2132 1274 2202 1359 s}-
2274 1320 2285 1330 .

264 1368 388 1425 mul
429 1368 491 1425 in
532 1367 898 1426 inferendum
941 1375 1114 1445 atque
1155 1368 1465 1427 arcendum
1504 1368 1737 1441 bellum,
1770 1389 1861 1441 ne,
1893 1370 2035 1428 dum
2076 1360 2231 1448 ipse‘

263 1466 520 1523 terrestri
560 1484 664 1543 per
703 1465 1046 1543 Hispaniam
1081 1465 1407 1543 Galliasque
1440 1466 1645 1523 itinere
1686 1466 1913 1524 Italiam
1956 1474 2195 1545 peteret,
2221 1475 2296 1527 30

263 1564 426 1621 nuda
451 1570 760 1641 apertaque
787 1562 1066 1621 Romanis
1093 1563 1297 1621 Africa
1324 1564 1395 1621 ab
1426 1562 1620 1621 Sicilia
1647 1571 1811 1633 esset,
1834 1564 2025 1622 valido
2054 1584 2201 1642 prae-

265 1659 418 1719 sidio
451 1660 676 1717 firmare
717 1679 842 1717 eam
885 1660 1102 1719 statuit.
1187 1660 1305 1717 Pro
1348 1680 1416 1718 eo
1459 1660 1923 1737 supplementum
1965 1662 2089 1737 ipse
2130 1681 2199 1719 ex

263 1756 474 1815 Africa
503 1756 753 1813 maxime
786 1756 1181 1833 jaculatorum,
1206 1756 1418 1814 levium
1452 1756 1639 1827 armiS,
1664 1756 1851 1833 petiit,
1877 1763 1943 1813 ut
1970 1756 2105 1814 Afri
2137 1758 2199 1814 in

263 1854 568 1931 Hispania,
599 1853 848 1930 Hispani
889 1853 950 1909 in
984 1852 1200 1924 Africa,
1232 1853 1437 1910 melior
1476 1853 1676 1929 procul
1718 1852 1789 1909 ab
1832 1853 2008 1910 domo
2046 1853 2201 1911 futu-

263 1970 364 2009 rus
392 1957 630 2029 uterque
659 1950 838 2021 miles,
854 1949 1012 2007 velut
1031 1950 1249 2007 mutuis
1276 1948 1611 2027 pigneribus
1639 1949 1894 2026 obligati,
1917 1949 2203 2025 stipendia
2223 1955 2297 2007 35

263 2050 538 2107 facerent.
622 2046 920 2105 Tredecim
953 2047 1115 2104 milia
1143 2047 1509 2123 octingentos
1539 2046 1953 2124 quinquaginta
1978 2046 2203 2123 pedites

265 2151 516 2203 cetratos
542 2144 704 2202 misit
731 2143 791 2201 in
813 2144 1092 2216 Africam,
1115 2150 1182 2202 et‘
1193 2142 1519 2201 funditores
1545 2142 1811 2201 Baleares
1838 2144 2203 2220 octingentos

265 2242 650 2320 septuaginta,
674 2241 894 2319 equites
924 2242 1139 2299 mixtos
1173 2260 1243 2298 ex
1270 2240 1471 2299 multis
1502 2240 1771 2318 gentibus
1804 2240 1962 2300 mille
1996 2242 2203 2300 ducen-

264 2346 374 2397 tos,
460 2338 585 2396 Has
626 2339 820 2415 copias
859 2339 1073 2415 partim
1115 2337 1453 2415 Carthagini
1493 2338 1764 2416 praesidio
1813 2358 1949 2411 esse,
1990 2340 2201 2416 partim

266 2434 537 2493 distribui
563 2454 667 2512 per
693 2435 954 2493 Africam
982 2434 1161 2511 jubet.
1248 2434 1433 2493 Simul
1466 2435 1949 2513 conquisitoribus
1982 2436 2042 2493 in
2071 2437 2203 2494 civi-
2223 2438 2297 2489 40

265 2539 418 2591 tates
456 2532 648 2589 missis
689 2538 961 2609 quattuor
1007 2532 1168 2589 milia
1215 2533 1539 2609 conscripta
1587 2532 1823 2590 delectae
1865 2532 2199 2609 juventutis,

265 2628 604 2708 praesidium
638 2628 869 2687 eosdem
904 2636 962 2687 et
996 2628 1240 2702 obsideS,
1272 2628 1404 2686 duci
1440 2628 1844 2709 Carthaginem
1879 2629 2059 2707 jubet.

2219 992 2295 1044 25

1130 2807 1330 2867 XXII.

316 2950 391 2992 He
421 2950 567 2991 then
603 2959 674 2991 as.
795 2920 997 3000 Neque
1025 2922 1368 2999 Hispaniam
1398 2920 1799 2998 negligendam
1828 2927 1985 2979 ratus
2005 2916 2202 2999 (atque

266 3018 398 3095 signs
440 3017 582 3069 Spain
622 3020 672 3059 t⁰
713 3016 773 3075 id
807 3037 876 3076 eo
910 3019 1118 3090 minus,
1143 3018 1301 3096 quod
1333 3017 1489 3074 haud
1522 3017 1754 3094 ignarus
1792 3023 1911 3073 erat
1945 3018 2203 3074 circumi-

265 3086 544 3201 ῗξὲῗζὴιῗτ
556 3084 673 3192 {³2⁶2
714 3120 834 3171 tam
876 3114 947 3171 ab
981 3114 1259 3173 Romanis
1298 3132 1421 3171 eam
1457 3112 1660 3191 legatis
1701 3113 1775 3169 ad
1813 3111 2203 3169 sollicitandos

267 3218 562 3325 εῑξιῗὲἒὶῗπῖ
576 3216 673 3259 him
713 3210 1037 3288 principum
1069 3207 1337 3287 animos),
1363 3208 1711 3267 Hasdrubali
1740 3208 1921 3279 fratri,
1948 3209 2071 3265 viro
2099 3208 2205 3265 im-

266 3295 328 3326 wl
500 3296 522 3325 1·
565 3294 668 3325 can

2264 3310 2297 3361 5

267 3362 296 3392 a
313 3362 343 3391 n
365 3350 396 3392 d
458 3362 486 3390 ο
507 3353 527 3391 t
548 3351 578 3391 h
601 3361 626 3390 e
649 3360 672 3389 r
711 3306 895 3383 pigr0‚
921 3326 1045 3363 eam
1074 3306 1427 3383 provinciam
1457 3306 1723 3376 destinat,
1739 3305 2041 3383 firmatque
2070 3325 2201 3363 eum

267 3420 439 3469 troops.
461 3438 514 3447 —-
538 3417 672 3458 com·
712 3402 929 3459 Africis
977 3403 1226 3460 maxime
1274 3402 1574 3479 praesidiis,
1610 3402 1872 3479 peditum
1917 3402 2199 3461 Afrorum

267 3487 582 3591 ἓξὲῃξξῐὲξῖἵὴ
608 3483 670 3590 (ἓξ)
712 3498 980 3555 undecim
1007 3498 1241 3556 milibus
1276 3498 1623 3574 octingentis
1658 3500 2092 3576 quinquaginta,
2114 3499 2205 3555 Li-

265 3617 346 3659 the
361 3617 479 3658 river
492 3616 666 3658 Iberus.
711 3595 950 3672 guribus
982 3593 1269 3663 trecentis,
1302 3592 1635 3649 Balearibus
1675 3595 2019 3670 quingentis,
2109 3592 2205 3648 Ad

266 3684 404 3727 *¹³¹⁸
421 3684 592 3726 dream.
712 3691 839 3748 haec
871 3690 1134 3767 peditum
1175 3687 1387 3744 auxilia
1423 3686 1607 3744 additi
1641 3690 1861 3765 equites
1895 3686 2203 3762 Libyphoe-

269 3792 439 3864 nices,
460 3790 712 3849 mixtum
746 3788 1036 3845 Punicum
1069 3784 1233 3841 Afris
1265 3802 1461 3860 genus,
1488 3784 1892 3860 quadringenti
1926 3781 2193 3855 quinqua-

1912 3910 1959 3927 n·
