2459 3967
240 198 367 257 Lm.
388 195 618 275 XXII.]
801 215 879 254 An
923 215 1079 254 11111111
1124 213 1390 254 comum
1432 213 1608 254 unm.
2047 193 2176 261 227

243 360 401 418 ribus
432 355 496 416 in
528 358 884 436 provinciam
918 357 1041 416 iret.
1126 356 1286 415 Lixae
1319 356 1496 414 modo
1529 357 1652 415 sine
1685 356 2024 435 insignibus,
2055 356 2176 415 sine
2196 364 2272 416 35

242 456 542 515 lictoribus
569 456 897 534 profectum
926 455 1090 526 clam,
1106 454 1328 526 furtim,
1345 454 1502 512 haud
1528 454 1692 512 aliter
1713 474 1883 532 quam
1917 455 1962 512 si
1993 455 2178 513 exsilii

244 573 414 611 causa
440 552 627 610 solum
656 553 931 610 vertisset.
1001 551 1188 628 Magis
1208 570 1315 628 pro
1337 551 1635 628 majestate
1657 552 1924 610 videlicet
1950 553 2180 630 imperii

243 649 498 708 Arimini
526 669 699 727 quam
721 648 923 707 Romae
952 649 1351 726 magistratum
1381 649 1676 721 initurum,
1697 656 1756 707 et
1783 650 1844 706 in
1866 648 2178 708 diversorio

243 745 518 824 hospitali
558 765 729 824 quam
764 747 919 823 apud
958 753 1195 823 penates
1237 765 1371 802 suos
1411 751 1751 823 praetextam
1794 753 2174 824 sumpturum.

243 844 655 902 Revocandum
684 843 933 902 universi
961 841 1482 920 retrahendumque
1509 850 1866 915 censuerunt,
1889 851 1948 901 et
1975 862 2180 921 cogen-
2196 847 2272 902 40

244 941 385 998 dum
408 940 677 998 omnibus
699 940 858 1018 prius
880 946 1223 1017 praesentem
1252 940 1313 997 in
1335 938 1474 998 deos
1493 939 1870 1016 hominesque
1898 939 2066 1016 fungi
2095 941 2182 998 of-

242 1037 389 1096 ficiis
410 1057 585 1116 quam
612 1037 688 1096 ad
706 1037 1020 1096 exercitum
1050 1044 1109 1095 et
1128 1037 1190 1094 in
1212 1036 1568 1115 provinciam
1589 1036 1712 1094 iret.
1781 1035 1851 1093 In
1879 1055 2006 1094 eam
2033 1036 2182 1114 lega-

242 1135 465 1193 tionem
491 1130 737 1212 (legatos
764 1135 920 1193 enim
948 1134 1106 1193 mitti
1134 1132 1375 1212 placuit)
1401 1133 1470 1204 Q,
1488 1132 1791 1192 Terentius
1811 1140 1870 1192 et
1889 1133 1968 1192 M.
1984 1133 2182 1192 Antis-

241 1233 361 1290 tius
376 1231 627 1309 profecti
642 1231 827 1291 nihilo
844 1232 1030 1308 magis
1044 1251 1175 1310 eum
1193 1237 1516 1303 moverunt,
1533 1251 1704 1310 quam
1723 1231 1910 1309 priore
1925 1232 2179 1290 consula-

242 1337 309 1387 tu
330 1328 541 1388 litterae
560 1334 862 1386 moverant
882 1327 955 1386 ab
977 1334 1180 1386 senatu
1197 1328 1406 1387 missae.
1463 1327 1688 1387 Paucos
1704 1334 1838 1405 post
1859 1328 1982 1388 dies
2001 1331 2181 1408 magi·
2196 1331 2272 1386 45

244 1433 487 1485 stratum
522 1426 671 1499 iniit,
700 1426 1143 1504 immolantique
1180 1426 1235 1484 ei
1268 1425 1481 1484 vitulus
1513 1425 1635 1501 jam
1667 1427 1816 1484 ictus
1849 1447 1882 1486 e
1911 1428 2180 1487 manibus

242 1522 687 1582 sacrificantium
726 1541 847 1582 sese
890 1543 1021 1582 cum
1059 1523 1455 1601 proripuisset,
1489 1523 1706 1582 multos
1746 1524 2179 1586 circumstantes

240 1641 443 1680 cruore
464 1620 747 1698 respersit.
800 1619 963 1698 Fuga
980 1620 1180 1699 procul
1199 1621 1374 1679 etiam
1396 1619 1585 1698 major
1603 1620 1760 1698 apud
1777 1621 2022 1699 ignaros,
2038 1622 2179 1700 quid

239 1718 645 1797 trepidaretur,
675 1725 735 1776 et
774 1719 1135 1777 concursatio
1176 1719 1308 1777 fu'it.
1394 1718 1466 1777 Id
1502 1738 1537 1776 a
1572 1718 1856 1797 plerisque
1899 1720 1962 1777 in
2005 1739 2177 1778 omen

238 1815 443 1892 magni
481 1814 715 1873 terroris
747 1823 1064 1894 acceptum.
1148 1815 1501 1893 Legionibus
1536 1815 1674 1874 inde
1705 1815 1928 1873 duabus
1961 1835 1994 1872 a
2021 1815 2179 1874 Sem-
2197 1819 2268 1872 50

239 1911 449 1990 pronio
478 1911 687 1989 prioris
708 1913 845 1970 anni
868 1913 1114 1985 consule,
1132 1913 1354 1971 duabus
1375 1933 1409 1970 3
1430 1912 1494 1970 C.
1511 1912 1698 1970 Atilio
1719 1918 1966 1989 praetore
1985 1931 2180 1990 accep-

239 2010 335 2082 tis,
366 2010 429 2067 in
472 2009 765 2068 Etruriam
806 2029 911 2089 per
950 2009 1250 2089 Apennini
1291 2011 1552 2070 tramites
1593 2009 1875 2068 exercitus
1913 2009 2050 2068 duci
2089 2016 2178 2068 est

239 2113 483 2184 coeptuS.

918 2359 1211 2419 LIBER
1265 2359 1500 2420 XXII.

1184 2485 1232 2546 Ι.
1303 2474 1319 2490 ”

289 2638 463 2692 Spring
508 2635 651 2691 being
768 2599 808 2659 J
809 2619 901 2659 am
931 2621 1029 2660 ver
1060 2602 1385 2681 appetebat,
1409 2623 1542 2662 cum
1569 2603 1862 2665 Hannibal
1890 2625 1960 2665 ex
1991 2606 2177 2666 hiber-

236 2716 348 2748 now
380 2711 431 2747 at
464 2705 642 2756 hand,
686 2697 776 2754 nis
816 2698 1015 2770 movit,
1047 2706 1107 2758 et
1146 2699 1535 2778 nequidquam
1577 2709 1712 2760 ante
1747 2709 1988 2762 conatus
2027 2710 2178 2762 tran-

238 2770 477 2812 Hannibal
494 2769 647 2811 leaves
1188 2797 1199 2809 .
1379 2798 1390 2810 .
1701 2799 1714 2811 .
1829 2799 1840 2812 .
1955 2800 1967 2812 .

237 2837 316 2878 his
334 2837 500 2879 winter
500 2846 647 2886 -quar-
688 2793 955 2853 scenderc
971 2795 1346 2873 Apenninum
1376 2797 1747 2857 1ntolerand1s
1769 2799 2097 2876 fngorlbus,
2117 2808 2177 2858 et

238 2906 348 2945 tera.
366 2901 649 2944 -Dis-atts-
690 2909 820 2949 cum
850 2890 1069 2968 ingenti
1098 2892 1352 2969 periculo
1381 2899 1637 2950 moratus
1669 2913 1734 2951 ac
1761 2900 1937 2952 metu.
2005 2895 2173 2967 Galli,

238 2967 649 3087 ῗέιξέἰῖὡέᾏαῗιξ
690 3005 833 3064 quos
861 2987 1074 3064 praedae
1096 2989 1650 3066 populationumque
1678 2990 2000 3048 conciverat
2027 3010 2173 3068 spes,
2235 2993 2270 3044 5

240 3105 292 3142 at
320 3101 503 3153 finding
530 3101 650 3144 their
689 3089 998 3161 postquam
1032 3103 1137 3162 pro
1172 3105 1259 3157 e0‚
1281 3091 1349 3142 ut
1381 3084 1492 3160 ipsi
1527 3103 1595 3140 ex
1629 3083 1816 3142 alieno
1849 3103 1987 3162 agro
2020 3105 2178 3163 rape-

241 3177 376 3276 ?nvffie
389 3167 647 3276 ξζζῗὲζῗξὲ
687 3186 817 3237 rent
858 3187 1221 3258 agerentque,
1259 3199 1388 3238 suas
1428 3187 1606 3238 terras
1647 3180 1836 3239 sedem
1878 3181 2013 3238 belli
2055 3201 2176 3241 esse

240 3302 649 3351 war.-cn.serv1-
690 3277 987 3354 premique
1014 3277 1312 3353 utriusque
1333 3276 1512 3354 partis
1543 3277 1890 3335 exercituum
1921 3277 2176 3337 hibernis

242 3367 351 3476 ἓξὲξ]
367 3369 456 3476 30¹
487 3369 649 3476 (ἑὲῑῐῑθῖζ
690 3373 965 3444 viderent,
1008 3379 1301 3431 vert-erunt
1349 3380 1502 3432 retro
1550 3373 1611 3430 in
1661 3374 2047 3434 Hannibalem
2102 3375 2175 3434 ab

460 3465 472 3486 ‚

241 3515 367 3557 upon
404 3504 479 3546 his
519 3505 647 3547 office
689 3468 966 3526 Romanis
1022 3469 1191 3541 odia3
1256 3471 1585 3549 petitusque
1642 3491 1794 3548 saepe
1847 3473 2172 3549 principum
2196 3474 2268 3527 10

242 3577 293 3614 at
309 3573 459 3614 Rome
484 3583 545 3614 011
568 3573 647 3614 the
689 3565 929 3637 insidiis,
959 3566 1217 3641 ipsorum
1259 3567 1410 3624 inter
1449 3586 1508 3624 se
1549 3567 1768 3639 fraude,
1800 3568 2000 3625 eadem
2043 3567 2177 3625 levi-

228 3637 649 3756 -Ξῗξτζὲἱῇῗοζ
690 3667 809 3718 tate
839 3679 951 3738 qua
980 3667 1382 3718 consenserant
1409 3680 1746 3720 consensum
1775 3661 2172 3731 indicantium,

242 3770 479 3815 various
518 3779 650 3822 quar-
692 3761 945 3814 servatus
988 3759 1123 3824 erat,
1154 3757 1229 3825 et,
1259 3755 1539 3813 mutando
1581 3776 1736 3826 nunc
1767 3761 1984 3814 vestem
2021 3771 2173 3811 nunc
