2459 3967
232 175 383 265 Calin
411 205 725 284 XXVIII]
817 195 1092 266 An‘uann
1139 228 1401 267 connum
1446 230 1622 269 unm.
2093 214 2177 283 57

233 386 402 423 arma
455 366 612 423 foede
666 366 946 444 jactantes
1001 368 1061 425 in
1119 388 1325 445 aquam
1383 371 1521 428 ooeci
1574 371 1832 446 ruebant,
1877 372 1991 447 alii,
2036 374 2176 433 dum

236 469 589 521 cunctantur
634 463 695 520 in
744 464 901 541 ripiS,
946 464 1096 522 inter
1141 466 1302 543 fugae
1350 486 1679 545 pugnaeque
1728 469 2029 529 consilium
2078 490 2178 551 op·
2196 480 2272 535 45

234 560 436 639 pressi.
523 559 582 618 N
583 579 660 618 on
691 560 802 619 alia
835 568 966 619 ante
999 561 1265 621 Romana
1296 582 1493 643 pugna
1523 565 1772 626 atrocior
1802 567 1933 627 fuit.

1066 739 1357 801 XXVIII.

275 862 440 905 'rullus
451 872 646 915 expones
753 852 904 911 Tum
922 854 1182 912 Albanus
1203 855 1501 929 exercitus,
1522 866 1811 936 spectator
1831 864 2175 939 certaminis,

237 933 303 1038 {⁰1-
312 929 499 1047 ἓξὲξ
514 940 560 1038 ¹}
574 940 648 1038 ἓξ
689 948 970 1007 deductus
1009 949 1072 1007 in
1113 970 1363 1029 campos·
1449 952 1689 1013 Mettius
1719 957 1889 1016 Tullo
1922 959 2179 1019 devictos

238 1075 262 1105 s
277 1075 308 1115 p
322 1074 349 1105 ο
362 1074 388 1104 e
403 1070 428 1105 o
441 1063 472 1104 ιι
485 1092 498 1115 ,
544 1066 564 1105 t
578 1064 608 1104 h
621 1074 648 1105 e
688 1044 883 1103 hostes
915 1046 1267 1123 gratulatum
1311 1054 1513 1107 contra
1543 1050 1744 1111 Tullus
1776 1053 2047 1115 Mettium
2082 1056 2181 1115 be-

237 1130 563 1238 {⁹23⁰th
601 1130 655 1237 ‘ff
689 1141 865 1219 nigne
913 1141 1261 1221 adloquitur.
1353 1143 1527 1214 Quod
1565 1146 1713 1207 bene
1760 1157 1961 1223 vertat,
1996 1158 2181 1211 castra

238 1207 646 1305 flethffissoemgss„
691 1236 949 1295 Albanos
975 1238 1255 1297 Romanis
1282 1242 1481 1299 castris
1507 1242 1747 1321 jungere
1773 1246 1972 1323 jubet;
2015 1250 2180 1308 sacri-
2240 1254 2275 1306 5

238 1329 295 1439 (ἔ
314 1330 652 1385 punishing
693 1333 888 1392 ficium
920 1334 1151 1393 lustrale
1184 1336 1246 1393 in
1281 1336 1434 1395 diem
1467 1346 1761 1416 posterum
1792 1352 1969 1421 parat.
2055 1345 2180 1405 Ubi

290 1397 443 1447 etuas,
453 1397 544 1439 and
553 1397 652 1439 also

239 1464 294 1505 or
307 1464 651 1517 transplanting
690 1430 897 1502 illuxit,
932 1432 1146 1509 paratis
1188 1433 1459 1492 omnibus
1499 1443 1566 1494 ut
1606 1437 1843 1511 adsolet,
1873 1441 2064 1500 vocari
2105 1442 2181 1501 ad

241 1530 436 1640 :Em-thgr
448 1530 652 1641 {abitt
691 1526 1023 1585 contionem
1064 1535 1373 1607 utrumque
1414 1533 1726 1591 exercitum
1763 1535 1942 1613 jubet.
2027 1538 2181 1596 Prae-

241 1665 652 1709 Roma-Mettius
693 1643 865 1699 cones
901 1624 975 1682 ab
1013 1631 1271 1683 extremo
1314 1626 1428 1685 orsi
1460 1629 1679 1705 primos
1720 1633 1973 1691 excivere
2008 1633 2182 1693 Alba-

240 1735 323 1783 put
349 1735 400 1774 to
426 1732 564 1775 death
591 1742 652 1773 on
692 1740 814 1779 nos,
885 1720 984 1793 Hi,
1006 1721 1262 1781 novitate
1290 1723 1464 1781 etiam
1485 1725 1566 1783 rei
1588 1728 1751 1799 moti,
1772 1737 1838 1786 ut
1858 1748 2051 1807 regem
2069 1731 2181 1789 Ro.-
2203 1735 2276 1788 10

239 1798 320 1841 ‘¹¹⁶
338 1801 458 1851 ³⁹⁰⁸·
695 1836 932 1875 manum
975 1818 1407 1877 contionantem
1442 1822 1723 1893 audirent,
1758 1826 2009 1900 proximi
2050 1846 2181 1884 con-

243 1917 455 1976 stitere.
541 1916 628 1973 Ex
664 1916 986 1994 composito
1026 1922 1245 1973 armata
1282 1916 1667 1975 circumdatur
1698 1918 1962 1977 Romana
1993 1920 2177 1999 legio:

243 2012 676 2072 centurionibus
715 2012 922 2071 datum·
957 2012 1255 2089 negotium
1300 2020 1437 2085 erat,
1468 2021 1535 2071 ut
1577 2014 1697 2073 sine
1739 2035 1901 2076 mora
1941 2018 2182 2097 imperia

243 2117 701 2189 exsequerentur.
786 2108 935 2167 Tum
965 2109 1049 2166 ita
1068 2108 1269 2167 Tullus
1298 2110 1456 2169 infit:
1490 2110 1803 2185 “Romani,
1830 2113 1877 2171 si
1904 2134 2179 2193 umquam

244 2214 379 2265 ante
412 2206 566 2279 alias,
590 2206 707 2265 ullo
735 2206 794 2263 in
822 2205 993 2276 bello,
1016 2206 1148 2276 fuit,
1174 2207 1333 2284 quod
1361 2207 1610 2284 primum
1642 2210 1731 2267 dis
1761 2211 2181 2273 immortalibus
2203 2216 2277 2269 15

243 2304 458 2383 gratias
506 2303 764 2381 agerem,
802 2301 1009 2361 deinde
1052 2310 1254 2361 vestrae
1284 2281 1571 2381 (ipsorum)
1597 2306 1813 2382 virtuti,
1849 2302 2256 2369 hesternumssae?

243 2403 306 2462 id
334 2400 603 2480 proelium
633 2400 763 2458 fuit.
848 2399 1204 2457 Dimicatum
1242 2408 1328 2459 est
1362 2402 1515 2459 enim
1550 2423 1665 2461 non
1700 2406 1885 2483 magis
1918 2426 2048 2464 cum
2082 2407 2182 2465 ho·
2238 2381 2247 2439 Ι

243 2498 432 2556 stibus
475 2517 664 2575 quam,
704 2515 832 2574 quae
875 2496 1172 2563 dimicatio
1216 2498 1403 2575 major
1444 2506 1615 2577 atque
1658 2502 2033 2578 periculosior
2076 2509 2178 2574 est,

233 2615 376 2670 ‘cum
422 2593 752 2673 proditione
796 2612 860 2651 ac
901 2592 1141 2671 perfidia
1184 2594 1485 2653 sociorum.
1571 2596 1739 2669 Nam,
1776 2618 1847 2656 ne
1891 2618 1993 2657 vos
2036 2598 2185 2657 falsa

245 2692 448 2772 opinio
485 2697 694 2763 teneat,
725 2688 948 2768 injussu
987 2710 1118 2749 meo
1158 2690 1371 2749 Albani
1412 2692 1633 2751 subiere
1671 2694 1745 2751 ad
1776 2703 2032 2767 montes3
2076 2714 2181 2753 nec
2200 2699 2279 2752 20

245 2788 556 2867 imperium
596 2787 740 2845 illud
780 2806 991 2859 meum,
1028 2788 1130 2846 sed
1169 2787 1475 2863 consilium
1519 2796 1579 2847 et
1619 2790 1848 2867 imperii
1890 2792 2182 2851 simulatio

244 2887 378 2958 fuit,
402 2893 471 2944 ut
497 2904 617 2957 nec,
641 2883 805 2942 vobis
837 2883 1237 2961 ignorantibus
1271 2884 1452 2942 deseri
1481 2906 1599 2956 vos,
1624 2893 1970 2946 averteretur
2000 2908 2037 2946 a
2069 2907 2183 2946 cer-

243 2983 465 3041 tamine
497 2981 755 3053 animus;
799 2988 857 3039 et
889 2981 1168 3053 hostibuS‚
1199 2981 1597 3049 circumveniri
1630 3002 1689 3039 se
1723 2983 1793 3040 ab
1826 2990 1991 3059 tergo
2024 2984 2179 3055 ratis,

243 3087 432 3138 terror
463 3098 528 3136 ac
559 3078 704 3156 fuga
734 3078 1079 3156 injiceretur.
1165 3078 1288 3135 Nec
1322 3096 1390 3135 ea
1421 3077 1604 3153 culpa,
1638 3096 1808 3154 quam
1843 3098 2039 3155 argu0‚
2065 3078 2185 3137 om'·

244 3178 410 3234 nium
445 3175 803 3233 Albanorum
837 3181 952 3233 est:
997 3175 1199 3233 ducem
1237 3175 1416 3233 secuti
1460 3181 1610 3245 sunt,
1641 3180 1708 3231 ut
1742 3181 1801 3232 et
1832 3194 1951 3247 voe,
1984 3175 2032 3232 si
2066 3195 2181 3254 quo
2201 3182 2278 3235 25

245 3292 358 3351 ego
386 3272 522 3329 inde
551 3290 759 3349 agmen
787 3271 1068 3329 declinare
1096 3271 1419 3344 voluissem,
1444 3270 1741 3330 fecissetis
1819 3270 2059 3332 Mettius
2087 3274 2183 3332 ille

245 3376 336 3429 est
380 3369 588 3427 ductor
629 3367 852 3425 itineris
894 3367 1084 3444 hujuS,
1123 3366 1361 3426 Mettius
1409 3370 1563 3427 idem
1608 3367 1782 3446 hujus
1825 3370 2184 3429 machinator

244 3465 400 3537 belli,
431 3464 670 3523 Mettius
710 3463 946 3521 foederis
978 3462 1228 3521 Romani
1262 3464 1589 3541 Albanique
1633 3472 1850 3542 ruptor.
1949 3466 2183 3523 Audeat

246 3562 457 3621 deinde
504 3561 644 3619 talia
691 3560 851 3632 aliae,
885 3560 999 3616 nisi
1047 3560 1107 3615 in
1147 3558 1303 3617 hunc
1344 3560 1568 3637 insigne
1609 3560 1728 3636 jam
1770 3560 2182 3617 documentum

245 3657 588 3717 mortalibus
631 3654 896 3714 dedero.’'
981 3653 1360 3711 Centuriones
1400 3655 1603 3713 armati
1637 3655 1906 3712 Mettium
1948 3654 2183 3709 circum·
2203 3653 2275 3704 30

247 3756 477 3827 sistunt.
562 3753 688 3825 Rex
726 3758 913 3811 cetera
951 3757 1017 3808 ut
1055 3768 1216 3807 orsus
1254 3756 1372 3807 erat
1409 3750 1665 3829 peragit:
1698 3749 1732 3776 ‘⁴
1748 3746 1918 3815 Quod
1944 3745 2180 3807 bonum,

1161 3842 1210 3899 C
1235 3850 1268 3899 2
