2459 3967
24 364 48 471 fija·

223 208 370 269 Ciu».
397 206 708 286 XLVIII]
784 228 864 294 ᾼΒ
907 230 1063 269 URBE
1109 230 1375 269 commu
1417 230 1595 269 unm.
2026 208 2165 273 '145

221 377 346 429 tam
370 369 537 429 claris
556 369 872 429 funeribus.
931 369 1134 449 Itaque
1155 371 1371 444 consul,
1389 371 1729 432 decernente
1750 377 1953 431 senatu
1972 372 2171 431 trium·
2191 376 2265 429 35

223 468 432 545 phum,
465 468 515 525 si
559 468 842 525 exercitus
885 468 1007 526 sine
1047 469 1393 546 imperatore
1434 469 1789 547 triumphare
1829 469 2031 547 possit,
2062 487 2169 546 pro

225 565 442 623 eximia
469 584 538 622 eo
568 564 718 623 bello
752 584 926 643 opera
952 566 1120 625 facile
1153 586 1454 645 passurum
1483 566 1809 644 respondit:
1846 586 1921 639 se,
1946 566 2171 625 familia

226 664 464 721 funesta
493 661 696 731 Quinti
725 662 887 721 Fabii
919 663 1116 723 fratris
1148 670 1351 735 morte,
1375 683 1435 723 re
1468 664 1700 741 publica
1732 684 1801 722 ex
1834 671 1997 742 parte
2030 664 2171 724 orba

227 760 468 817 consule
513 760 692 819 altero
733 760 962 832 amisso,
993 760 1225 838 publico
1268 761 1606 839 privatoque
1648 762 1967 821 deformem
2010 762 2169 821 luctu

229 858 485 916 lauream
518 876 638 915 non
677 864 1061 934 accepturum.
1147 856 1325 916 Omni
1367 864 1495 915 acto
1536 858 1833 936 triumpho
1875 859 2170 937 depositus
2190 860 2266 911 40

229 954 564 1032 triumphus
593 954 797 1011 clarior
821 953 970 1011 fuit:
1016 953 1160 1012 adeo
1195 961 1387 1031 spreta
1412 954 1473 1012 in
1503 961 1763 1032 tempore
1790 954 1975 1032 gloria
2000 956 2172 1014 inter-

231 1052 376 1109 dum
403 1050 750 1109 cumulatior
777 1050 942 1109 redit.
1007 1050 1230 1111 Funera
1256 1052 1465 1109 deinde
1493 1052 1609 1110 duo
1638 1051 1915 1130 deinceps.
1936 1052 2169 1129 collega}

229 1149 543 1226 fratrisque
571 1148 757 1219 ducit,
775 1147 930 1206 idem
963 1148 1023 1205 in
1060 1155 1304 1226 utroque
1336 1148 1615 1221 laudator,
1642 1168 1774 1207 cum
1802 1149 2171 1207 concedendo

231 1246 506 1305 illis-suas
527 1245 726 1304 laudes
753 1246 878 1321 ipse
903 1245 1215 1304 maximam
1240 1252 1462 1323 partem
1490 1266 1685 1303 earum
1713 1246 1902 1305 ferret.
1968 1246 2171 1325 Neque

233 1344 543 1401 immemor
570 1341 711 1419 eju3,
733 1342 890 1419 quod
916 1342 1085 1399 initio
1113 1342 1442 1401 consulatus
1469 1342 1789 1415 imbiberat,
1810 1343 2172 1401 reconcilian-
2190 1344 2267 1398 45

233 1441 298 1499 di
335 1441 562 1499 animos
601 1439 802 1517 plebia,
833 1440 1057 1502 saucios
1089 1440 1303 1499 milites
1337 1441 1619 1500 curandos
1652 1441 1861 1499 dividit
1893 1442 2167 1519 patribus.

234 1540 428 1597 Fabiis
473 1538 712 1616 plurimi
767 1538 904 1609 dati,
941 1557 1045 1595 nec
1094 1537 1233 1596 alibi
1280 1538 1499 1615 majore
1554 1558 1688 1597 cura
1734 1538 1935 1597 habiti.
2028 1539 2172 1597 Inde

233 1636 546 1715 populares
571 1635 692 1713 jam
721 1654 842 1693 esse
869 1633 1050 1708 Fabii,
1073 1654 1179 1695 nec
1205 1635 1318 1693 hoc
1352 1634 1467 1693 ulla
1498 1635 1609 1694 nisi
1644 1636 1855 1695 salubri
1881 1635 1963 1694 rei
1990 1635 2173 1713 publi·

235 1754 318 1791 cae
348 1739 488 1791 arte.

1069 1810 1346 1871 XLVIII.

283 1968 510 2011 Fabius
541 1977 644 2019 pro-
764 1926 952 2003 Igitur
984 1946 1102 1985 non
1135 1934 1367 2011 patrum
1398 1926 1601 2004 magiS,
1626 1945 1799 2005 quam
1833 1925 2033 2003 plebis,
2058 1932 2175 1983 stu-

235 2046 375 2087 pones
396 2036 446 2076 to
468 2036 546 2076 the
564 2045 644 2087 pa·
685 2023 797 2083 diis
837 2023 1016 2082 Kaeso
1058 2024 1269 2081 Fabius
1309 2043 1441 2082 cum
1482 2023 1619 2081 Tito
1653 2023 1933 2100 Verginio
1975 2022 2175 2101 consul

237 2100 644 2216 ζῖἑὲῗῗζέθεὲξζ
683 2122 890 2194 faetus,
913 2140 1100 2199 neque
1121 2120 1275 2192 belli,
1296 2139 1481 2197 neque
1509 2119 1766 2191 dilectus,
1786 2138 1971 2199 neque
1998 2119 2175 2177 ullam

237 2228 340 2271 rian
358 2226 646 2278 Jaw-——They
687 2218 856 2276 aliam
890 2218 1141 2295 priorem⁴
1177 2234 1373 2275 curam
1407 2235 1590 2294 agere,
1615 2235 1787 2294 quam
1820 2224 1902 2288 ut,
1926 2216 2045 2293 jam
2078 2216 2177 2274 ali-

237 2293 486 2403 ξθξῗῖζέξ
500 2304 647 2401 ξᾞζ
689 2334 802 2391 qua
841 2334 911 2371 ex
953 2321 1116 2391 parte
1157 2313 1429 2372 inchoata
1464 2312 1789 2371 concordiae
1832 2332 1949 2391 spe,
1984 2314 2174 2391 primo
2235 2317 2270 2369 5

237 2426 650 2471 scorn.-00115-
691 2429 919 2487 quoque
973 2417 1235 2489 tempore
1289 2430 1423 2469 cum
1478 2409 1737 2489 patribus
1797 2410 2177 2469 coalescerent

235 2496 368 2603 ἕω
412 2494 526 2535 with
567 2493 646 2535 ¹¹¹⁹
687 2507 866 2565 animi
907 2506 1108 2583 plebis.
1193 2507 1397 2586 Itaque
1429 2508 1714 2586 principio
1756 2508 1893 2565 anni
1934 2507 2173 2579 censuit,

304 2560 382 2611 qui
428 2559 521 2601 and
567 2560 646 2601 the

239 2628 472 2669 veientes.
485 2650 536 2659 —
549 2626 646 2667 'rhe
687 2604 1019 2680 priusquam
1057 2602 1359 2681 quisquam
1392 2605 1627 2681 agrariae
1662 2603 1803 2681 legis
1844 2610 2045 2663 auctor
2080 2605 2178 2661 tri-

240 2693 426 2811 1133ss
465 2692 650 2799 ofrassig
689 2698 878 2756 bunus
915 2700 1226 2771 exsisteret,
1260 2708 1602 2777 occuparent
1634 2707 1825 2777 patres
1862 2702 1975 2779 ipsi
2008 2720 2175 2759 suum

241 2828 410 2868 senate
433 2828 484 2867 ω
504 2825 562 2867 be
584 2826 648 2866 al·
689 2814 900 2853 munus
948 2796 1168 2869 facere;
1221 2795 1511 2873 captivum
1556 2815 1757 2873 agrum
1801 2797 1959 2874 plebi
2004 2816 2175 2875 quam
2198 2802 2271 2853 10

241 2892 408 2999 {pwgql
438 2892 648 3000 ughzatlffi
687 2892 938 2951 maxime
977 2892 1271 2971 aequaliter
1304 2892 1537 2950 darent:
1581 2910 1779 2951 verum
1813 2912 1933 2950 esse
1966 2892 2177 2951 habere

241 2970 430 3065 agius
449 3021 528 3067 um
545 3028 650 3064 con·
691 3007 806 3060 eos,
854 3008 1098 3067 quorum
1148 2987 1425 3066 sanguine
1472 3005 1537 3043 ac
1587 2987 1792 3045 sudore
1836 2994 2034 3064 partus
2084 2989 2176 3047 sit.

243 3087 354 3131 duct
379 3086 434 3128 0¹²
450 3086 650 3161 thefyar
691 3084 1003 3163 Aspernati
1024 3091 1214 3163 patres
1243 3091 1409 3157 sunt;
1455 3083 1641 3162 questi
1664 3102 1893 3161 quoque
1922 3082 2175 3161 quidam,

242 3150 651 3267 ὶᾌζξίεζτᾋζῷ
691 3181 872 3239 nimia
911 3181 1096 3259 gloria
1132 3180 1417 3239 luxuriare
1459 3187 1517 3239 et
1550 3198 1879 3238 evanescere
1922 3180 2179 3238 vividum

241 3285 358 3327 with
383 3284 464 3325 the
487 3294 650 3325 warm-
689 3278 982 3356 quondam
1009 3277 1153 3335 illud
1180 3276 1450 3335 Kaesonis
1476 3277 1789 3354 ingenium.
1868 3276 2055 3335 Nullae
2085 3278 2180 3337 de·
2200 3284 2273 3337 15

241 3350 518 3393 mmmm
689 3374 826 3436 inde
853 3373 1086 3431 urbanae
1115 3373 1399 3431 factiones
1427 3374 1605 3432 fuere.
1688 3373 2063 3433 Vexabantur
2096 3376 2181 3433 in-

241 3440 608 3531 cursionibus
636 3472 960 3550 AEquorum
991 3470 1196 3532 Latini.
1282 3470 1370 3528 Eo
1398 3490 1531 3530 cum
1560 3472 1811 3530 exercitu
1838 3470 2013 3531 Kaeso
2047 3474 2181 3531 mis-

243 3590 339 3627 sus
387 3569 452 3627 in
503 3570 760 3648 ipsorum
811 3570 1135 3647 AEquorum
1185 3583 1387 3645 agrum
1438 3569 1907 3646 depopulandum
1956 3571 2175 3628 transit.

244 3667 428 3745 AEqui
469 3686 531 3725 se
571 3667 634 3725 in
677 3665 894 3744 oppida
932 3670 1285 3742 receperunt,
1320 3664 1613 3742 murisque
1655 3681 1715 3723 se
1754 3664 2061 3723 tenebant:
2108 3683 2177 3721 eo

243 3763 400 3823 nulla
428 3781 626 3842 pugna
652 3762 1038 3821 memorabilis
1065 3760 1196 3819 fuit.
2122 3808 2130 3815 ,
2197 3758 2273 3809 20

1185 3852 1242 3908 G
