2459 3967
225 196 398 267 Cn.
425 199 622 279 X111.]
821 220 898 257 An
941 219 1096 258 URBE
1141 219 1407 258 conum-A
1450 220 1625 259 unm.
2066 197 2191 266 175

245 364 642 443 Saguntinum
689 368 749 419 et
790 360 1067 418 Alorcum
1112 360 1457 438 Hispanum.
1544 361 1707 434 Alce,
1739 361 1935 420 insciis
1976 361 2195 439 Sagun-

245 464 407 533 tinis,
433 459 702 539 precibus
743 458 962 536 aliquid
1000 464 1297 515 moturum
1335 465 1507 529 ratus„
1532 478 1664 515 cum
1699 458 1773 515 ad
1806 458 2192 516 Hannibalem

249 566 433 617 noctu
475 556 789 627 transisset,
820 561 1130 633 postquam
1171 552 1317 612 nihil
1353 554 1603 612 lacrimas
1644 554 1969 629 movebant,
2001 554 2195 614 condi-

250 657 565 733 cionesque
599 652 808 725 tristes,
839 658 907 710 ut
947 651 1018 710 ab
1061 651 1208 710 irato
1252 651 1489 724 victore,
1519 652 1865 724 ferebantur,
1896 654 2195 731 transfuga
2214 660 2287 715 15

251 774 328 811 ex
350 759 577 811 oratore
600 749 804 821 factuS,
831 749 986 827 apud
1005 749 1235 807 hostem
1256 749 1485 820 mansit,
1504 749 1848 807 moriturum
1869 749 2191 823 adfirmanS,

256 851 360 928 qui
389 849 495 907 sub
527 846 964 907 condicionibus
998 846 1070 904 iis
1103 846 1176 903 de
1205 864 1346 922 pace
1374 853 1583 923 ageret.
1669 846 2075 907 Postulabatur
2102 868 2197 907 au·

255 954 396 1021 tem,
427 945 734 1005 redderent
774 964 864 1003 res
897 943 1259 1016 TurdetaniS‚
1290 943 1619 1021 traditoque
1652 945 1812 1001 omni
1854 964 1990 1002 auro
2025 952 2195 1024 atque

256 1050 518 1121 argentO,
541 1042 753 1120 egressi
781 1041 920 1100 urbe
949 1060 1081 1099 cum
1112 1039 1352 1117 singulis
1373 1040 1729 1098 vestimentis
1750 1040 1830 1098 ibi
1852 1040 2191 1115 habitarent,

257 1141 361 1199 ubi
388 1142 608 1198 Poenus
639 1138 914 1217 jussisset.
1003 1138 1129 1196 Has
1161 1138 1322 1215 pacis
1348 1136 1503 1215 leges
1536 1137 1821 1197 abnuente
1856 1138 2077 1197 Alcone
2109 1160 2196 1198 ac-
2214 1146 2291 1199 20

258 1244 528 1316 cepturos
577 1237 985 1315 Sanguntinosi,
1016 1236 1281 1308 Almus,
1314 1236 1467 1293 vinci
1514 1236 1754 1308 animOS,
1784 1235 1885 1293 ubi
1926 1237 2038 1294 alia
2077 1239 2197 1295 vin-

258 1342 479 1407 cantur,
505 1333 829 1405 adfirmans,
855 1353 914 1391 se
947 1333 1104 1411 pacis
1147 1332 1273 1409 ejus
1313 1332 1685 1409 interpretem
1717 1334 1843 1391 fore
1875 1334 2191 1411 pollicetur.

260 1432 400 1490 Erat
433 1438 627 1489 autem
661 1437 789 1489 tum
822 1429 987 1488 miles
1020 1428 1383 1501 Hannibalis,
1417 1435 1669 1486 ceterum
1710 1429 1939 1507 publice
1980 1431 2198 1509 Sagun-

259 1530 400 1586 tinis
435 1528 654 1585 amicus
692 1534 864 1606 atque
897 1526 1122 1605 hospes.
1209 1526 1448 1597 Tradito
1482 1526 1673 1604 palam
1706 1527 1825 1585 telo
1862 1528 2197 1587 custodibus

260 1624 536 1697 hostium,
557 1631 940 1701 transgressus
972 1624 1347 1696 munimenta,
1374 1623 1449 1681 ad
1474 1630 1781 1701 praetorem
1810 1623 2195 1701 Saguntinum
2216 1632 2291 1684 25

263 1717 348 1797 (et
381 1722 507 1798 ipse
536 1721 620 1778 ita
645 1718 908 1797 jubebat)
941 1727 1028 1778 est
1055 1720 1352 1779 deductus·
1425 1720 1554 1789 Quo
1583 1740 1715 1779 cum
1750 1721 2037 1799 extemplo
2065 1742 2197 1781 con-

260 1839 458 1877 cursus
486 1818 677 1877 omnis
704 1817 928 1894 generis
955 1817 1261 1875 hominum
1292 1825 1440 1876 esset
1465 1818 1670 1890 factus,
1696 1825 1985 1877 summota
2012 1826 2199 1879 cet-era

260 1915 654 1988 multitudine,
673 1920 904 1973 senatus
931 1913 1145 1973 Alorco
1175 1914 1345 1973 datus
1372 1922 1475 1987 est,
1499 1913 1665 1992 cujus
1691 1914 1823 1973 talis
1850 1916 2033 1975 oratio
2061 1918 2193 1976 fuit.

1159 2092 1330 2152 XIII.

312 2264 539 2317 Speeeh
593 2273 622 2304 o
636 2262 658 2303 ἶ
787 2206 823 2235 “
842 2206 905 2266 Si
932 2208 1074 2266 civis
1100 2214 1287 2266 vester
1307 2208 1473 2281 Alco,
1499 2208 1647 2267 sicut
1675 2209 1750 2267 ad
1776 2228 1977 2289 pacem
2005 2219 2199 2289 peten-

263 2331 456 2373 Alorcus
497 2333 550 2372 to
585 2330 667 2371 the
709 2304 843 2362 dam
877 2304 952 2362 ad
985 2303 1374 2363 Hannibalem
1408 2305 1583 2379 venit,
1608 2306 1693 2365 ita
1724 2309 1881 2385 pacis
1914 2309 2201 2367 condicio-

263 2397 518 2506 ‘saguntino
555 2396 666 2438 sen·
707 2420 808 2459 nes
835 2400 907 2459 ab
935 2399 1263 2459 Hannibale
1290 2402 1365 2460 ad
1392 2421 1495 2483 vos
1520 2404 1850 2478 rettulisset,
1875 2425 2201 2483 supervaca-

341 2493 354 2506 ⁰
706 2516 881 2555 neum
928 2497 1041 2555 hoc
1088 2498 1237 2555 mihi
1284 2498 1493 2557 fuisset
1537 2500 1661 2573 iter,
1699 2519 1814 2578 quo
1862 2521 1967 2559 nec
2009 2509 2202 2560 orator

264 2594 608 2653 Hannibalis
650 2613 754 2653 nec
794 2594 1096 2673 transfuga
1137 2594 1212 2653 ad
1246 2614 1347 2653 vos
1389 2596 1687 2675 venissem.
1772 2597 1923 2656 Cum
1964 2598 2059 2657 ille
2100 2605 2200 2656 aut
2258 2607 2293 2659 5

263 2700 454 2751 vestra
485 2699 586 2749 aut
618 2711 720 2750 sua
751 2692 920 2769 culpa
959 2692 1237 2750 manserit
1270 2693 1427 2770 apud
1458 2695 1687 2752 hostem
1723 2689 1867 2768 (sua,
1898 2695 1947 2753 si
1978 2702 2198 2753 metum

265 2789 576 2860 simulavit,
600 2794 802 2861 vestra,
835 2790 884 2846 si
924 2789 1245 2867 periculum
1288 2791 1375 2848 est
1416 2790 1573 2866 apud
1603 2810 1707 2848 vos
1742 2810 1871 2849 vera
1910 2792 2201 2849 referenti-

263 2884 397 2963 bus)
429 2904 558 2963 eg0,
591 2906 662 2945 ne
690 2886 1030 2963 ignoraretis
1059 2906 1180 2945 esse
1208 2887 1428 2963 aliquas
1456 2892 1517 2943 et
1544 2886 1741 2944 salutis
1769 2893 1829 2944 et
1854 2888 2010 2964 pacis
2037 2888 2200 2944 vobis

267 2966 653 3055 condicioneS,
684 3002 790 3059 pro
824 2990 1052 3042 vetusto
1087 2983 1347 3062 hospitio
1436 2982 1555 3039 uod
1652 2983 1663 2995 ‘
1714 2982 1727 2995 ⁹
1764 2982 2059 3040 vobiscum
2093 2990 2195 3054 est,

266 3080 341 3139 ad
382 3100 486 3139 vos
519 3080 666 3138 veni.
751 3080 962 3139 Vestra
1002 3087 1196 3138 autem
1240 3084 1307 3139 ca
1449 3098 1559 3151 me,
1630 3138 1633 3141 ,
1740 3078 1909 3136 ullius
1950 3078 2195 3150 alterius,
2220 3080 2293 3132 10

265 3178 427 3256 loqui
460 3197 588 3255 quae
617 3177 714 3255 loq
768 3197 826 3236 r
862 3221 867 3228 .
956 3203 993 3252 χ
1027 3197 1146 3250 vos,
1169 3178 1260 3235 vel
1290 3197 1320 3235 e
1418 3173 1524 3236 des
1630 3222 1643 3249 ,
1708 3174 1825 3234 uod
1846 3194 2032 3253 neque
2059 3175 2198 3233 dum

265 3276 490 3363 vestris³
516 3273 663 3333 virib
1123 3293 1311 3351 neque
1402 3294 1502 3333 um
1552 3273 1761 3332 auxilia
1808 3272 1879 3331 ab
1923 3272 2201 3330 Romanis

267 3371 550 3449 sperastiS,
581 3390 658 3448 pa
1223 3395 1239 3422 s
1286 3391 1391 3429 vos
1430 3372 1784 3431 mentionem
1822 3370 1951 3430 feci.
2036 3368 2203 3427 Post-

267 3487 440 3546 quam
459 3453 574 3525 ‘nec
603 3468 674 3525 ab
1272 3487 1307 3525 a
1334 3476 1420 3525 est
1448 3488 1594 3545 speS,
1618 3488 1723 3527 nec
1744 3475 1933 3526 vestra
1951 3486 2053 3525 vos
2079 3466 2201 3541 jam

265 3571 365 3621 aut
397 3583 557 3621 arma
594 3572 694 3621 aut
765 3589 777 3616 a
804 3588 838 3616 ι·
894 3564 906 3577 ’
1328 3564 1491 3633 dunt,
1522 3584 1723 3639 pacem
1758 3565 1957 3622 adfero
1990 3561 2066 3619 ad
2098 3580 2199 3617 vos
2220 3565 2294 3617 15

264 3661 451 3739 magis
477 3661 850 3719 necessariam
884 3679 922 3736 q
1400 3657 1584 3735 Cujus
1610 3660 1695 3717 ita
1722 3659 1912 3735 aliqua
1939 3674 2065 3732 spes
2094 3660 2196 3723 est,

265 3758 314 3817 si
345 3776 492 3830 eam,
519 3777 691 3834 quem
721 3757 794 3815 ad
821 3756 1063 3813 modum
1097 3760 1164 3810 ut
1191 3754 1306 3809 vi

1355 3763 1362 3766 ⁷
1399 3779 1414 3788 ν·
1468 3761 1523 3811 rt
1555 3753 1866 3836 Hannibal,
1891 3752 1971 3808 sic
1998 3768 2101 3805 vos
2132 3752 2200 3801 ut
