2459 3967
281 172 364 233 80
1103 186 1220 225 'rrr1
1262 186 1388 225 Ltvr
1986 162 2137 241 [Lm.
2164 166 2211 227 L

279 329 740 406 pervenissetque
785 328 859 386 ad
901 346 1189 385 summum
1232 324 1515 403 Cyprium
1556 326 1766 397 vicum,
1798 325 1900 383 ubi
1931 325 2212 383 Dianium

279 444 462 501 nuper
487 426 618 495 fuit,
642 424 895 481 flectenti
923 430 1258 500 carpentum
1287 422 1487 480 dextra
1518 422 1580 479 in
1609 422 1861 481 Urbium
1891 421 2120 494 clivum,
2142 430 2211 481 ut
2229 428 2304 479 25

279 522 340 577 in
369 520 570 579 collem
599 518 1003 597 Esquiliarium
1035 518 1385 589 eveheretur,
1409 518 1622 576 restitit
1649 518 1894 596 pavidus
1926 526 2099 596 atque
2126 520 2210 576 in-

278 617 469 675 hibuit
503 617 698 674 frenos
735 616 800 687 is,
831 616 931 693 qui
966 615 1228 692 jumenta
1267 613 1491 691 agebat,
1520 614 1921 693 jacentemque
1954 614 2209 674 dominae

279 713 540 771 Servium
566 713 916 771 trucidatum
945 710 1213 769 ostendit.
1282 710 1524 768 Foedum
1552 711 2047 789 inhumanumque
2073 712 2211 771 inde

279 810 524 868 traditur
550 810 746 881 scelus,
769 814 1265 886 monumentoque
1291 807 1451 865 locus
1480 814 1592 865 est:
1636 807 1990 866 Sceleratum
2015 808 2210 866 vicum

277 914 500 978 vocant,
534 926 648 984 quo
691 925 901 977 amenS,
933 904 1285 982 agitantibus
1322 904 1490 961 furiis
1527 904 1738 962 sororis
1775 924 1840 962 ac
1874 904 1999 976 viri,
2021 904 2211 963 Tullia
2229 910 2306 963 30

277 1022 381 1079 per
421 1005 598 1081 patris
639 1022 846 1080 corpus
883 1008 1218 1078 carpentum
1260 1000 1443 1077 egisse
1483 1000 1683 1072 fertur,
1708 1007 2046 1078 partemque
2088 1021 2212 1059 san-

279 1101 469 1176 guinis
503 1120 568 1157 ae
601 1099 774 1157 caedis
806 1105 1057 1175 paternae
1093 1104 1330 1156 cruento
1358 1096 1639 1169 vehiquO,
1663 1097 2055 1155 contaminata
2086 1100 2213 1177 ipsa

279 1214 657 1273 respersaque,
679 1196 874 1252 tulisse
903 1195 976 1253 ad
997 1200 1233 1271 penates
1260 1213 1394 1251 suos
1415 1194 1635 1272 virique
1664 1194 1783 1266 sui3
1820 1194 2029 1271 quibus
2050 1196 2210 1253 iratis

182 1288 430 1387 Qalo
459 1293 620 1368 regni
647 1293 947 1368 principie,
973 1291 1185 1349 similes
1211 1310 1393 1369 prope
1422 1291 1577 1349 diem
1606 1292 1792 1350 exitus
1820 1301 2206 1369 sequerentur.

281 1388 508 1445 Servius
541 1388 762 1444 Tullius
793 1389 1053 1465 regnavit
1085 1408 1267 1447 annos
1301 1395 1573 1466 quattuor
1606 1395 1665 1446 et
1698 1389 2077 1467 quadraginta
2108 1392 2207 1463 ita,
2230 1401 2309 1453 35
2438 1407 2440 1483 1

280 1491 346 1540 ut
371 1482 526 1539 bono
555 1484 727 1539 etiam
756 1484 1166 1563 moderatoque
1201 1484 1527 1542 succedenti
1554 1486 1678 1562 regi
1706 1484 1953 1544 difficilis
1981 1488 2213 1547 8611111111-
2438 1484 2442 1567 ⁴1

279 1580 364 1637 tio
393 1585 554 1636 esset.
625 1579 892 1637 Ceterum
922 1580 983 1637 id
1007 1600 1235 1659 quoque
1264 1581 1337 1638 ad
1357 1581 1599 1659 gloriam
1622 1583 1873 1654 accessit,
1896 1584 2055 1661 quod
2075 1604 2211 1643 cum
2436 1568 2447 1695 i

278 1676 378 1733 illo
407 1675 576 1733 simul
603 1675 758 1752 justa
782 1695 847 1733 ac
875 1676 1136 1753 legitima
1161 1697 1339 1755 regna
1367 1678 1715 1737 occiderunt.
1780 1678 1851 1737 Id
1873 1680 2064 1757 ipsum
2086 1689 2211 1739 tam

279 1774 420 1831 mite
453 1791 518 1831 ac
551 1779 671 1830 tam
702 1772 1064 1831 moderatum
1093 1774 1400 1851 imperium
1432 1781 1644 1847 tamen,
1670 1776 1805 1853 quia
1836 1777 2009 1835 unius
2040 1786 2207 1852 esset,
2442 1746 2449 1825 l

279 1871 564 1947 deponere
597 1889 730 1929 eum
761 1871 823 1927 in
857 1870 1050 1927 animo
1081 1870 1348 1929 habuisse
1392 1871 1627 1949 quidam
1667 1879 1927 1931 auctores
1970 1880 2121 1944 sunt,
2146 1876 2211 1935 ni
2229 1881 2306 1936 40
2449 1864 2450 1889 ¹

279 1967 459 2025 scelus
487 1967 822 2026 intestinum
849 1962 1157 2024 liberandae
1185 1968 1388 2044 patrias
1423 1968 1661 2026 consilia
1693 1970 1937 2047 agitanti
1966 1971 2213 2031 interve-

278 2064 470 2122 nisset.

1129 2142 1348 2202 XLIX.

330 2292 579 2335 Accession
621 2303 651 2333 ο
662 2292 685 2333 f
801 2256 944 2315 Inde
977 2256 1038 2314 L.
1059 2255 1405 2335 Tarquinius
1436 2276 1673 2337 regnare
1707 2261 1946 2340 occepit,
1976 2263 2071 2322 cui
2104 2263 2209 2323 Su-

278 2360 683 2469 garquixgiug—
720 2351 899 2430 perbo
942 2372 1263 2431 cognomen
1305 2356 1461 2413 facta
1500 2356 1848 2430 indiderunt,
1880 2360 2016 2436 quia
2056 2380 2209 2419 soce-

279 2436 506 2546 93:3¹3
507 2503 583 2533 om
604 2436 678 2533 ᾖξε
719 2468 846 2506 rum
875 2468 1049 2526 gener
1077 2451 1368 2527 sepultura
1394 2452 1707 2529 prohibuit,
1732 2453 2045 2513 Romulum
2070 2476 2208 2533 quo·

279 2560 580 2612 haughtiness
588 2557 680 2599 and
722 2564 832 2623 que
865 2545 1215 2621 insepultum
1250 2548 1462 2623 perisse
1497 2548 1783 2622 dictitans,
1814 2551 2206 2631 primoresque

279 2623 574 2733 sszu‘sstg'gt‘hp
583 2625 682 2730 ᾖξε
723 2648 969 2719 patrum,
997 2660 1140 2719 quos
1168 2641 1349 2701 Servii
1384 2644 1553 2702 rebus
1579 2645 1787 2704 favisse
1816 2647 2097 2721 credebat,
2122 2650 2206 2707 in-
2268 2658 2305 2710 5

279 2757 499 2810 principa}
547 2766 677 2797 sena·
716 2737 959 2797 terfecit.
1032 2738 1311 2797 Conscius
1340 2740 1563 2813 deiude,
1584 2743 1731 2801 male
1762 2744 2054 2820 quaerendi
2084 2764 2205 2822 reg-

279 2823 680 2943 {ogis-r-gffgj
720 2838 781 2893 ni
803 2836 874 2893 ab
899 2855 956 2893 se
978 2836 1106 2913 ipso
1127 2836 1397 2895 adversus
1424 2856 1484 2895 se
1512 2839 1844 2916 exemplum
1867 2840 1994 2916 capi
2015 2859 2199 2917 posse,

279 2960 500 3000 Assumes
544 2958 678 2999 abso·
719 2933 950 2991 armatis
979 2952 1185 3010 corpus
1211 2932 1621 3011 circumsepsit.
1706 2935 1909 3013 Neque
1942 2936 2095 2993 enim
2130 2936 2206 2995 ad

277 3026 529 3136 ἰῗζὲωῡῃῡ
543 3036 674 3134 ”2:5³AE
716 3031 810 3109 jus
837 3030 999 3107 regni
1022 3029 1330 3107 quicquam
1357 3037 1567 3107 praeter
1587 3030 1705 3088 vim
1725 3030 1989 3103 habebat,
2007 3039 2075 3089 ut
2104 3033 2201 3110 qui

277 3163 455 3213 neglect
466 3106 577 3204 hoff„
598 3161 676 3201 the
717 3146 902 3205 neque
930 3125 1130 3203 populi
1158 3125 1336 3201 jussu,
1358 3144 1542 3202 neque
1570 3125 1897 3185 auctoribus
1923 3128 2196 3204 patribuS‚
2222 3134 2299 3186 10

278 3227 442 3332 stiuam
463 3228 676 3334 {ndrpffi}
718 3229 992 3300 regnaret.
1065 3220 1164 3278 ‘Eo
1193 3221 1515 3293 accedebat,
1530 3228 1605 3302 ‘ut
1633 3222 1693 3279 111
1724 3223 1957 3281 caritate
1990 3224 2198 3282 civium

275 3304 678 3399 {oliti-eci'mns
717 3318 864 3375 nihil
906 3317 1027 3410 spei
1069 3318 1370 3393 reponenti
1411 3323 1572 3375 metu
1612 3336 1854 3394 regnum
1896 3321 2201 3377 tutandum

277 3432 305 3462 a
325 3434 366 3462 m
387 3434 414 3462 0
434 3434 462 3462 n
481 3433 512 3472 s
566 3423 586 3462 t
604 3422 633 3461 h
651 3431 678 3461 e
719 3418 897 3469 esset:
943 3432 1112 3488 quem
1143 3419 1208 3469 ut
1236 3412 1495 3489 pluribus
1521 3412 1819 3486 incuteret,
1844 3416 2202 3492 cognitiones

277 3486 447 3527 Latius.
721 3506 1050 3579 capitalium
1093 3525 1284 3563 rerum
1329 3508 1449 3563 sine
1494 3508 1747 3565 consiliis
1790 3529 1896 3587 per
1942 3530 2001 3567 se
2050 3512 2203 3569 solus

279 3597 589 3667 exercebat,
621 3615 835 3674 perque
873 3618 998 3655 eam
1039 3618 1268 3657 causam
1308 3601 1581 3673 occidere,
1612 3602 1673 3659 iu
1716 3604 1977 3662 exsilium
2017 3626 2200 3683 agere,
2223 3612 2297 3664 15

277 3690 445 3749 bonis
475 3692 720 3749 multare
751 3698 978 3768 poterat
1009 3712 1126 3751 non
1162 3702 1455 3771 suspectos
1488 3695 1667 3753 modo
1705 3704 1805 3754 aut
1840 3699 2073 3773 invisos,
2106 3701 2207 3761 sed
