2459 3967
28 2150 72 2215 '‘0'
179 2181 230 2221 to
259 2178 594 2220 Romaiu.—

28 2242 69 2391 3<

28 2393 62 2460 ἐξ
81 2386 124 2425 ⁸*
181 2401 298 2452 stat
337 2392 498 2465 alius,
529 2392 676 2451 falso
720 2390 980 2452 Samium
1020 2389 1419 2467 Pythagoram
1468 2390 1665 2463 edunt,
1700 2410 1888 2469 quem,
1919 2370 2137 2449 Servio*

171 195 310 255 Off.
334 190 595 271 XVIII]
731 211 810 250 AB
853 210 1010 251 11111111
1055 210 1321 251 coum-ra
1362 211 1540 251 umu.
1574 150 1581 159 .
2014 190 2101 253 45

171 363 310 427 tum,
334 354 679 414 videbantur
708 353 944 432 passuri.
1028 350 1180 411 Cum
1214 354 1523 411 sensissent
1556 372 1622 411 ea
1647 352 1867 411 moveri
1893 360 2101 432 patres,

174 452 529 527 offerendum
549 450 702 509 ultro
723 450 834 509 rati
856 448 1013 527 quod
1034 449 1298 511 amissuri
1320 456 1495 521 erant,
1515 451 1598 508 ita
1617 450 1863 528 gratiam
1882 450 2101 523 ineunt,
2124 452 2201 505 25

176 568 396 607 summa
431 554 718 625 potestate
749 546 968 625 populo
1000 547 1293 625 permissa,
1323 553 1392 605 ut
1422 567 1540 605 non
1572 546 1726 625 plus
1736 547 1984 607 darent
1963 549 2107 625 Juris

177 666 346 725 quam
373 646 721 705 retinerent.-
772 644 1164 703 Decreverunt
1189 644 1361 719 enim,
1384 652 1467 717 ut,
1492 664 1623 703 eum
1644 646 1893 724 populus
1912 664 2107 724 regem

186 744 459 821 jussisset,
489 742 553 799 id
581 742 662 799 sie
689 747 881 801 ratum
907 748 1070 813 esset,
1103 741 1154 799 si
1178 748 1371 820 patres
1398 749 1657 823 auctores
1684 742 1901 802 fierent.
1986 744 2111 801 Ho-

177 840 270 898 die
303 858 532 917 quoque
564 839 624 895 in
659 837 883 916 legibus
905 838 1459 917 „magistratibusque
1498 840 1771 917 rogandis
1805 847 2111 918 usurpatur

177 938 328 996 idem
357 938 467 1013 J‘uS,
491 936 551 994 vi
577 936 848 1013 adempta
867 936 910 993 z*-
923 936 1259 1014 priusquam
1288 936 1539 1014 'populus
1568 938 1907 1015 suffragium
1935 939 2105 1011 ineat,
2130 941 2205 995 30

176 1036 238 1091 in
290 1035 573 1093 incertum
629 1033 1000 1092 comitiorum
1053 1039 1328 1091 eventum
1382 1040 1574 1111 patres
1629 1040 1891 1092 auctores
1944 1034 2107 1093 fiunt.

177 1132 326 1189 Tum
372 1132 639 1203 interrex,
676 1114 950 1189 contione
999 1130 1293 1202 advocata,
1328 1131 1361 1159 “
1381 1129 1554 1199 Quod
1593 1130 1812 1188 bonum
1854 1131 2113 1189 faustum

177 1227 430 1307 felixque
471 1228 589 1287 sit”
624 1229 830 1307 inquit,
865 1229 898 1256 “
919 1227 1188 1301 Quirites,
1225 1238 1421 1306 regem
1464 1234 1687 1287 create:
1730 1228 1814 1287 ita
1852 1228 2113 1307 patribus

179 1326 362 1385 visum
405 1332 506 1384 est.
591 1324 792 1384 Patres
825 1325 1050 1397 deinde,
1084 1311 1134 1383 si
1167 1325 1411 1403 dignum
1446 1325 1546 1403 qui
1578 1326 1862 1383 secundus
1894 1326 1967 1384 ab
1998 1326 2115 1384 Ro-

178 1424 336 1481 mulo
364 1430 695 1481 numeretur
722 1423 989 1496 818811118,
1021 1430 1289 1481 auctores
1316 1423 1511 1497 fient.’'
1596 1422 1764 1481 Adeo
1794 1423 1857 1481 id
1883 1430 2111 1501 gratum
2134 1428 2210 1481 35

179 1519 332 1597 plebi
364 1519 496 1590 fuit,
528 1526 610 1591 ut,
640 1528 714 1577 ne
745 1506 883 1578 victi
899 1510 1194 1589 'beneficio
1229 1519 1574 1590 viderentur,
1604 1519 1668 1579 id
1698 1520 1875 1592 modo
1918 1520 2116 1595 scisce-

179 1623 307 1674 rent
333 1615 728 1695 juberentque,
759 1623 826 1676 111
856 1622 1086 1677 senatus
1116 1616 1444 1675 decerneret
1472 1616 1573 1694 qni
1600 1615 1805 1675 Romae
1831 1622 2111 1694 regnaret.

939 1834 1026 1917 Υ.
1029 1791 1259 1852 XVIII.

233 1910 480 1952 character
529 1908 584 1952 01'
741 1905 934 1965 neluta
952 1855 1214 1983 Justitia
1273 1905 1589 1984 religioque
1650 1924 1719 1963 ea
1774 1910 2119 1983 tempestate

177 1975 606 2087 ἓζῗὲθξζηὲῖἲ,
631 2002 842 2064 Numae
849 2002 1177 2119 AEompiln
1185 2010 1325 2061 8181.
1412 2000 1659 2061 Curibus
1693 2001 1921 2061 Sabinis
1961 2002 2121 2061 habi-

182 2122 264 2153 8811
285 2122 336 2153 as
353 2121 590 2153 successor
628 2100 788 2159 tabat
829 2076 1287 2158 8088811188111188
1327 2100 1431 2170 vir,
1463 2106 1529 2157 ut
1570 2099 1631 2156 in
1674 2098 1773 2156 illa
1814 2100 2118 2178 quisquam

178 2245 320 2287 Form
367 2245 422 2287 or
459 2244 588 2287 {nau
633 2216 753 2255 esse
783 2202 952 2255 aetate
979 2202 1222 2273 poterat,
1250 2196 1439 2253 omnis
1466 2195 1647 2253 divini
1682 2203 1853 2275 atque
1880 2197 2119 2256 humani

179 2311 410 2365 guration.
561 2327 566 2333 ·
633 2293 790 2372 juris,
875 2276 1192 2354 Auctorem
1223 2292 1507 2350 doctiinae'
1534 2293 1675 2371 83118,
1709 2294 1843 2371 quia
1874 2313 1993 2351 non
2028 2314 2121 2351 ex-

64 2529 75 2542 ·
181 2490 375 2549 Tullio
417 2494 692 2567 regnante
725 2486 946 2558 Romae,
977 2492 1212 2545 8811111111
1254 2486 1501 2564 amplius
1542 2493 1676 2563 post
1716 2506 1913 2559 annos,
1943 2488 2004 2545 in
2037 2488 2123 2545 ul-

28 3303 39 3313 “
27 2804 72 3257 ’ΥἸὶὐ-Ὓη77,ν“
28 2746 33 2759 ”

169 2588 330 2659 ,tima
370 2586 555 2645 Italiae
603 2604 718 2655 ora,
748 2586 896 2643 circa
933 2583 1338 2660 Metapontum
1382 2584 1834 2661 Heracleamque
1882 2590 1941 2642 et
1984 2584 2123 2642 Cro-

181 2690 341 2755 tona,
371 2683 649 2760 juvenum
689 2680 1083 2740 aemulantium
1125 2680 1317 2739 studia
1358 2687 1541 2739 8881118
1572 2680 1845 2739 habuisse
1880 2688 2117 2739 constat

182 2781 275 2839 Ex
305 2779 513 2858 quibus
541 2780 698 2849 10818,
723 2779 831 2837 8181
859 2778 1188 2881 eJusdenssa
1147 2777 1337 2835 aetatis
1364 2777 1587 2849 fuisset,
1614 2796 1727 2854 qua
1753 2778 1952 2835 fama
1938 2798 1997 2835 111
2027 2777 2123 2836 Sa-
2143 2778 2218 2832 10

181 2877 373 2948 binos,
405 2882 506 2934 8111
546 2895 661 2953 quo
701 2875 915 2953 linguae
957 2871 1320 2944 commerciO,
1300 2822 1698 2951 ξῖ8111888111
1740 2873 1815 2931 ad
1848 2867 2125 2952 cupidita-

181 2980 308 3032 tem
337 2972 597 3031 discendi
625 2971 938 3043 excivisset,
971 2990 1156 3049 quove
1182 2969 1455 3049 praesidio
1482 2989 1631 3029 unus
1658 2990 1762 3048 per
1787 2977 1879 3030 tot
1905 2977 2122 3048 gentes,

75 3093 112 3117 κ
183 3071 450 3129 dissonas
489 3083 753 3129 sermone
792 3068 1182 3146 moribusque,
1218 3065 1606 3144 pervenisset?
1688 3066 1909 3145 Suopte
1948 3066 2127 3143 igitur

183 3166 426 3244 ingenio
453 3168 836 3252 temperatum
869 3165 964 3225 ani
1027 3184 1125 3251 um
1141 3162 1457 3261 virtutibus
1482 3162 1662 3220 fuisse
1690 3163 1899 3240 opinor
1922 3164 2125 3242 magis,

184 3265 650 3367 instructumque
691 3280 810 3319 non
842 3269 964 3321 tam
1039 3240 1313 3338 eregri'iiis
1354 3259 1589 3332 artibus,
1621 3276 1793 3337 quam
1826 3260 2129 3339 disciplina
2148 3262 2223 3317 15

162 3344 422 3426 'tetrica
447 3371 516 3419 88
561 3359 716 3417 111811
763 3365 1020 3417 veterum
1068 3357 1430 3430 Sabinorum,
1475 3376 1589 3435 quo
1643 3375 1851 3435 genere
1905 3358 2128 3417 nullum
2208 3376 2215 3400 ι·

175 3429 487 3536 quondam
528 3431 916 3533 incorruptius
948 3455 1082 3519 fuit.
1165 3453 1392 3516 Audito
1426 3454 1661 3512 nomine
1694 3454 1904 3512 Numae
1937 3462 2149 3531 patres

184 3554 460 3625 Romani,
507 3562 855 3631 quamquam
901 3550 1165 3609 inclinari
1214 3569 1353 3627 opes
1400 3550 1473 3607 ad
1515 3549 1773 3621 Sabinos,
1812 3566 1946 3625 rege
1993 3547 2131 3604 inde

186 3658 446 3731 sumpto,
471 3649 830 3719 videbantur,
853 3655 1064 3718 tamen,
1087 3664 1274 3722 neque
1303 3665 1363 3703 88
1388 3646 1710 3723 quisquam,
1734 3664 1839 3702 nec
1860 3640 2130 3699 factionis

187 3769 312 3811 suae
340 3750 540 3822 alium,
569 3766 677 3828 nee
698 3744 953 3823 denique
980 3748 1212 3822 patrum
1240 3746 1341 3799 881
1369 3742 1581 3799 civium
1610 3754 1955 3817 quemquam
1988 3750 2130 3808 pree·
2147 3729 2224 3781 20
