2459 3967
337 216 418 277 82
1165 232 1280 270 'ru-1
1323 232 1447 271 ler
2044 210 2195 287 [Lm.
2223 213 2269 271 L

2449 311 2455 342 Ι

333 374 560 433 credere
605 383 664 433 et
706 375 958 447 Latinos,
991 392 1339 452 quamquam
1382 392 1454 430 ne
1503 372 1583 429 sic
1634 372 1869 449 quidem
1910 372 2269 447 alienigenae,
2290 380 2368 432 20

334 469 556 529 debere.
641 470 745 529 Sin
773 491 907 529 suos
939 470 1066 548 ejus
1093 470 1389 547 poeniteat,
1416 460 1630 545 quippe
1660 468 1760 546 qui
1792 468 1889 525 alii
1924 487 2095 545 super
2128 467 2273 525 alios

333 568 708 640 trucidentur,
733 568 1052 626 exsulatum
1087 573 1237 638 eant,
1262 566 1531 625 amittant
1558 565 1728 636 bona,
1756 565 1897 642 quid
1924 565 2047 643 spei
2075 565 2273 622 melio-

334 665 412 723 ris
439 664 658 723 Latinis
685 664 995 742 portendi?
1057 663 1120 721 Si
1153 683 1212 721 se
1247 662 1500 734 audiant,
1526 662 1765 720 domum
1794 682 1954 721 suam
1985 682 2273 740 quemque

333 762 470 819 inde
497 761 769 833 abituros,
794 780 980 839 neque
1007 761 1194 838 magis
1221 760 1617 818 observaturos
1646 758 1800 817 diem
1830 759 2075 832 concilii,
2096 778 2271 837 quam

333 859 474 937 ipse,
507 860 606 937 qui
647 858 936 930 indixerit,
967 858 1245 916 observet.
1330 856 1478 914 Haec
1512 860 1684 934 atque
1718 856 1829 913 alia
1861 856 2067 915 eodem
2100 857 2273 933 perti-
2291 860 2372 912 25

335 958 533 1015 nentia
569 956 875 1025 seditiosus
907 954 1374 1029 facinerosusque
1408 952 1603 1024 hom0,
1634 952 1838 1030 hisque
1876 952 2094 1011 artibus
2132 972 2273 1029 opes

335 1052 497 1111 domi
529 1059 747 1123 nactus,
779 1072 908 1110 cum
939 1051 1188 1108 maxime
1223 1050 1539 1121 dissereret,
1570 1050 1879 1107 intervenit
1906 1049 2269 1128 Tarquinius,

336 1148 394 1206 Is
426 1149 557 1207 finis
591 1149 838 1207 orationi
870 1148 1019 1205 fuit:
1063 1147 1247 1205 aversi
1281 1165 1481 1204 omnes
1514 1147 1587 1205 ad
1614 1146 1992 1223 Tarquinium
2026 1146 2274 1204 salutan-

336 1245 492 1303 dum.
577 1245 708 1317 Qui,
741 1246 967 1303 silentio
999 1244 1176 1316 facto,
1201 1244 1459 1301 monitus
1500 1263 1535 1301 a
1573 1243 1853 1321 proximis
1892 1250 1959 1302 ut
1998 1252 2274 1321 purgaret

336 1362 412 1413 se,
439 1341 596 1419 quod
623 1342 685 1399 id
705 1341 983 1419 temporis
1010 1341 1275 1415 venisset,
1300 1340 1755 1417 disceptatorem·
1774 1340 1857 1398 ait
1884 1360 1944 1399 se
1972 1347 2271 1419 sumptum
2292 1346 2373 1399 30

334 1438 486 1496 inter
511 1444 734 1515 patrem
763 1444 822 1495 et
848 1437 1048 1509 filium,
1069 1457 1204 1496 cura
1229 1437 1636 1495 reconciliandi
1664 1456 1763 1495 eos
1788 1438 1851 1495 in
1878 1437 2123 1514 gratiam
2150 1456 2275 1495 mo-

334 1541 525 1593 ratum
566 1554 720 1593 esse:
764 1540 839 1607 et,
872 1535 1007 1613 quia
1045 1554 1113 1593 ea
1152 1554 1244 1592 res
1284 1535 1589 1593 exemisset
1628 1534 1791 1592 illum
1834 1534 2005 1606 diem,
2036 1542 2272 1612 postero

335 1632 430 1690 die
470 1638 748 1704 acturum,
780 1651 910 1710 quae
953 1631 1361 1689 constituisset.
1446 1631 1538 1690 Ne
1578 1631 1641 1689 id
1682 1631 1916 1708 quidem
1959 1631 2030 1688 ab
2072 1631 2273 1689 Turno

334 1728 533 1789 tulisse
560 1730 803 1788 tacitum
830 1729 1042 1787 ferunt.
1067 1722 1076 1729 ”
1115 1728 1347 1787 Dixisse
1376 1728 1530 1786 enim
1560 1728 1774 1785 nullam
1800 1728 2122 1786 breviorem
2150 1748 2275 1786 esse
2452 1746 2454 1750 ’

335 1828 728 1907 cognitionem
759 1846 930 1905 quam
958 1826 1108 1884 inter
1134 1833 1359 1902 patrem
1387 1832 1447 1883 et
1473 1825 1673 1897 filium,
1693 1826 2003 1902 paucisque
2030 1826 2274 1903 transigi
2293 1834 2373 1886 35
2450 1764 2455 1877 1

334 1926 522 1985 verbis
549 1943 750 2005 posse:
793 1924 854 1981 ni
883 1928 1079 2003 parcat
1106 1922 1275 1999 patri,
1299 1921 1631 1979 habiturum
1659 1921 2045 1980 infortunium
2073 1941 2213 1981 esse.

1260 2099 1354 2159 LI.

386 2237 544 2288 Anger
563 2237 618 2278 or
628 2237 737 2279 'rar-
859 2216 1005 2273 Haec
1027 2214 1299 2272 Aricinus
1320 2214 1380 2271 in
1402 2232 1595 2291 regem
1618 2214 1943 2272 Romanum
1966 2214 2273 2293 increpans

335 2303 528 2411 ξέἳῑέἰ
540 2304 742 2411 ἔίὲξὶῡῗ
783 2329 852 2367 ex
887 2310 1132 2369 concilio
1167 2310 1325 2368 abiit.
1410 2309 1599 2378 Quam
1642 2330 1761 2368 rem
1795 2311 2141 2389 Tarquinius
2174 2312 2275 2369 ali-

335 2436 423 2477 m„
449 2436 739 2478 treacherous
783 2413 1000 2483 quanto
1044 2425 1215 2483 quam
1258 2406 1559 2463 videbatur
1591 2406 1803 2484 'aegrius
1839 2408 2047 2480 ferenS,
2078 2409 2277 2466 confe-

335 2506 740 2548 conducttowards
781 2502 916 2558 stim
939 2500 1135 2560 Turno
1164 2521 1363 2559 necem
1392 2502 1769 2575 machinatur,
1794 2511 1860 2561 ut
1888 2504 2135 2562 eundem
2162 2512 2277 2563 ter-

335 2572 738 2681 ssssgsstffiz‘}ggg
779 2615 982 2666 rorem,
1009 2615 1123 2674 quo
1165 2598 1376 2655 civium
1420 2598 1643 2656 animos
1688 2600 1848 2657 domi
1893 2608 2271 2678 oppresserat,
2342 2612 2381 2664 5

335 2715 399 2746 on
420 2715 448 2745 a
473 2704 588 2747 false
609 2710 737 2747 acen·
782 2692 1308 2770 Latinis'injiceret.
1394 2694 1472 2752 Et
1500 2696 1635 2771 quia
1662 2715 1767 2773 pro
1802 2697 2045 2774 imperio
2080 2697 2274 2775 palam

335 2771 502 2814 sation.
780 2787 1025 2846 interfici
1063 2809 1179 2847 non
1218 2796 1462 2866 poterat,
1494 2790 1689 2849 oblato
1727 2792 1873 2850 falso
1912 2793 2151 2851 crimine
2189 2794 2275 2851 in-

337 2889 564 2941 sontem
594 2878 894 2962 oppressit.
967 2885 1081 2943 Per
1108 2886 1364 2943 'adversae
1394 2888 1664 2945 factionis
1694 2889 1971 2966 quosdam
2001 2889 2275 2947 Aricinos

337 3000 564 3039 servum
605 2980 786 3039 Turni
833 3002 971 3040 auro
1021 2983 1293 3059 corrupit,
1330 2990 1397 3041 ut
1443 2984 1503 3040 in
1553 2984 1937 3046 deversorium
1986 2986 2111 3063 ejus
2152 2986 2273 3043 vim

335 3098 606 3158 magnam
635 3079 958 3157 gladiorum
983 3079 1182 3137 inferri
1211 3079 1357 3137 clam
1387 3080 1609 3139 sineret.
1695 3082 1781 3139 Ea
1807 3103 1941 3140 cum
1966 3103 2082 3140 una
2101 3090 2274 3141 nocte
2301 3089 2385 3142 10
2453 3102 2454 3131 ὲ

335 3177 594 3253 perfecta
633 3183 839 3248 essent,
869 3176 1216 3253 Tarquinius
1258 3176 1430 3253 paulo
1472 3183 1605 3234 ante
1638 3176 1824 3235 lucem
1866 3179 2063 3236 accitis
2103 3178 2177 3236 ad
2214 3198 2275 3236 se

336 3272 695 3348 principibus
735 3271 1090 3343 Latinorum,
1127 3273 1290 3349 quasi
1333 3292 1393 3331 re
1441 3292 1592 3331 nova
1624 3270 2013 3353 perturbatus,
2047 3294 2275 3333 moram

340 3384 499 3422 suam
530 3366 872 3437 hesternam,
900 3368 1053 3426 velut
1082 3368 1322 3427 deorum
1358 3370 1603 3447 quadam
1638 3370 2002 3447 providentia
2033 3372 2272 3445 illatam,

339 3460 422 3515 ait
449 3458 620 3515 saluti
653 3461 764 3516 sibi
797 3468 968 3538 atque
995 3464 1107 3520 illis
1135 3464 1329 3521 fuisse.
1414 3464 1511 3522 Ab
1544 3465 1740 3522 Turno
1773 3466 1892 3524 dici
1924 3467 2035 3525 sibi
2069 3475 2127 3526 et
2158 3469 2279 3545 pri-

339 3552 598 3610 moribus
624 3555 970 3629 populorum
997 3560 1184 3633 parari
1211 3579 1427 3631 necem,
1452 3567 1518 3617 ut
1546 3560 1881 3619 Latinorum
1911 3563 2065 3621 solus
2093 3566 2276 3643 impe·
2300 3570 2385 3623 15
2453 3594 2454 3619 ᾗ

339 3647 490 3703 rium
517 3654 726 3705 teneat.
809 3648 1232 3725 Adgressurum
1260 3651 1437 3712 fuisse
1464 3654 1732 3712 hesterno
1766 3657 1860 3715 die
1893 3659 1953 3715 in
1988 3661 2271 3722 concilies

342 3739 579 3798 dilatam
607 3759 728 3799 rem
755 3760 893 3815 esse,
915 3746 1071 3820 quod
1092 3754 1291 3805 auctor
1316 3749 1557 3807 concilii
1571 3750 1796 3825 afuerit,
1818 3769 1990 3829 quem
2018 3758 2277 3818 maxime
