<?xml version="1.0" encoding="UTF-8"?>
<!DOCTYPE html PUBLIC "-//W3C//DTD XHTML 1.0 Transitional//EN"
    "http://www.w3.org/TR/xhtml1/DTD/xhtml1-transitional.dtd">
<html xmlns="http://www.w3.org/1999/xhtml" xml:lang="en" lang="en">
 <head>
  <title>
</title>
<meta http-equiv="Content-Type" content="text/html;charset=utf-8" />
  <meta name='ocr-system' content='tesseract 3.04.00' />
  <meta name='ocr-capabilities' content='ocr_page ocr_carea ocr_par ocr_line ocrx_word'/>
</head>
<body>
  <div class='ocr_page' id='page_1' title='image "./titiliviaburbec10livygoog_0094.png"; bbox 0 0 2459 3967; ppageno 0'>
   <div class='ocr_carea' id='block_1_1' title="bbox 231 203 2227 283">
    <p class='ocr_par' dir='ltr' id='par_1_1' title="bbox 231 203 2227 283">
     <span class='ocr_line' id='line_1_1' title="bbox 231 203 2227 283; baseline 0.001 -16"><span class='ocrx_word' id='word_1_1' title='bbox 231 212 314 273; x_wconf 86' lang='lat'><strong>88</strong></span> <span class='ocrx_word' id='word_1_2' title='bbox 1053 228 1166 267; x_wconf 70' lang='grc'>’1111</span> <span class='ocrx_word' id='word_1_3' title='bbox 1212 228 1336 267; x_wconf 84' lang='lat' dir='ltr'>L1V1</span> <span class='ocrx_word' id='word_1_4' title='bbox 1940 205 2092 283; x_wconf 80' lang='lat' dir='ltr'><strong>[Lm.</strong></span> <span class='ocrx_word' id='word_1_5' title='bbox 2115 211 2158 269; x_wconf 94' lang='grc' dir='ltr'><strong>Ι.</strong></span> <span class='ocrx_word' id='word_1_6' title='bbox 2212 203 2227 215; x_wconf 77' lang='grc'><em>’</em></span> 
     </span>
    </p>
   </div>
   <div class='ocr_carea' id='block_1_2' title="bbox 7 368 2259 2285">
    <p class='ocr_par' dir='ltr' id='par_1_2' title="bbox 223 368 2163 737">
     <span class='ocr_line' id='line_1_2' title="bbox 225 368 2163 441; baseline 0 -14"><span class='ocrx_word' id='word_1_7' title='bbox 225 368 453 428; x_wconf 76' lang='lat' dir='ltr'><strong>Etrusci</strong></span> <span class='ocrx_word' id='word_1_8' title='bbox 487 377 712 428; x_wconf 88' lang='lat' dir='ltr'><strong>tantum</strong></span> <span class='ocrx_word' id='word_1_9' title='bbox 745 377 904 429; x_wconf 86' lang='lat' dir='ltr'><strong>vates</strong></span> <span class='ocrx_word' id='word_1_10' title='bbox 936 369 1358 441; x_wconf 75' lang='lat' dir='ltr'><strong>adhiberentur,</strong></span> <span class='ocrx_word' id='word_1_11' title='bbox 1380 368 1494 426; x_wconf 87' lang='lat' dir='ltr'><strong>hoe</strong></span> <span class='ocrx_word' id='word_1_12' title='bbox 1526 369 1684 427; x_wconf 90' lang='lat' dir='ltr'><strong>velut</strong></span> <span class='ocrx_word' id='word_1_13' title='bbox 1717 368 2037 427; x_wconf 87' lang='lat' dir='ltr'><strong>domestico</strong></span> <span class='ocrx_word' id='word_1_14' title='bbox 2072 390 2163 427; x_wconf 87' lang='lat' dir='ltr'><strong>ex-</strong></span> 
     </span>
     <span class='ocr_line' id='line_1_3' title="bbox 223 466 2163 545; baseline 0 -21"><span class='ocrx_word' id='word_1_15' title='bbox 223 468 456 524; x_wconf 88' lang='lat' dir='ltr'><strong>territus</strong></span> <span class='ocrx_word' id='word_1_16' title='bbox 493 468 632 539; x_wconf 80' lang='lat' dir='ltr'><strong>visu,</strong></span> <span class='ocrx_word' id='word_1_17' title='bbox 662 466 924 545; x_wconf 84' lang='lat' dir='ltr'>Delphos</span> <span class='ocrx_word' id='word_1_18' title='bbox 965 467 1038 525; x_wconf 85' lang='lat' dir='ltr'><strong>ad</strong></span> <span class='ocrx_word' id='word_1_19' title='bbox 1069 467 1319 523; x_wconf 81' lang='lat' dir='ltr'><strong>maxime</strong></span> <span class='ocrx_word' id='word_1_20' title='bbox 1352 466 1636 523; x_wconf 87' lang='lat' dir='ltr'><strong>inclutum</strong></span> <span class='ocrx_word' id='word_1_21' title='bbox 1670 466 1730 522; x_wconf 92' lang='lat' dir='ltr'><strong>in</strong></span> <span class='ocrx_word' id='word_1_22' title='bbox 1763 466 1929 523; x_wconf 90' lang='lat' dir='ltr'><strong>terris</strong></span> <span class='ocrx_word' id='word_1_23' title='bbox 1970 486 2163 524; x_wconf 85' lang='lat' dir='ltr'><strong>oracu-</strong></span> 
     </span>
     <span class='ocr_line' id='line_1_4' title="bbox 225 554 2162 653; baseline -0.001 -33"><span class='ocrx_word' id='word_1_24' title='bbox 225 561 346 620; x_wconf 91' lang='lat' dir='ltr'><strong>lum</strong></span> <span class='ocrx_word' id='word_1_25' title='bbox 387 564 617 621; x_wconf 88' lang='lat' dir='ltr'><strong>mittere</strong></span> <span class='ocrx_word' id='word_1_26' title='bbox 660 564 895 621; x_wconf 87' lang='lat' dir='ltr'><strong>statuit:</strong></span> <span class='ocrx_word' id='word_1_27' title='bbox 920 554 1126 653; x_wconf 62' lang='lat' dir='ltr'><strong>speque</strong></span> <span class='ocrx_word' id='word_1_28' title='bbox 1157 582 1433 641; x_wconf 87' lang='lat' dir='ltr'><strong>responsa</strong></span> <span class='ocrx_word' id='word_1_29' title='bbox 1466 562 1708 620; x_wconf 88' lang='lat' dir='ltr'><strong>sortium</strong></span> <span class='ocrx_word' id='word_1_30' title='bbox 1742 562 1847 620; x_wconf 88' lang='lat' dir='ltr'><strong>ulli</strong></span> <span class='ocrx_word' id='word_1_31' title='bbox 1879 562 1975 619; x_wconf 81' lang='lat' dir='ltr'><strong>alii</strong></span> <span class='ocrx_word' id='word_1_32' title='bbox 2010 582 2162 620; x_wconf 86' lang='lat' dir='ltr'><strong>com-</strong></span> 
     </span>
     <span class='ocr_line' id='line_1_5' title="bbox 224 659 2158 737; baseline 0.002 -21"><span class='ocrx_word' id='word_1_33' title='bbox 224 660 452 717; x_wconf 76' lang='lat' dir='ltr'><strong>mittere</strong></span> <span class='ocrx_word' id='word_1_34' title='bbox 494 679 679 732; x_wconf 77' lang='lat' dir='ltr'><strong>ausuS,</strong></span> <span class='ocrx_word' id='word_1_35' title='bbox 717 660 862 718; x_wconf 91' lang='lat' dir='ltr'><strong>duos</strong></span> <span class='ocrx_word' id='word_1_36' title='bbox 893 660 1042 717; x_wconf 90' lang='lat' dir='ltr'><strong>filios</strong></span> <span class='ocrx_word' id='word_1_37' title='bbox 1082 677 1188 737; x_wconf 92' lang='lat' dir='ltr'><strong>per</strong></span> <span class='ocrx_word' id='word_1_38' title='bbox 1225 659 1455 736; x_wconf 84' lang='lat' dir='ltr'><strong>ignotas</strong></span> <span class='ocrx_word' id='word_1_39' title='bbox 1489 678 1557 717; x_wconf 88' lang='lat' dir='ltr'><strong>ea</strong></span> <span class='ocrx_word' id='word_1_40' title='bbox 1587 665 1931 737; x_wconf 83' lang='lat' dir='ltr'><strong>tempestate</strong></span> <span class='ocrx_word' id='word_1_41' title='bbox 1962 666 2158 734; x_wconf 80' lang='lat' dir='ltr'><strong>terras,</strong></span> 
     </span>
    </p>

    <p class='ocr_par' dir='ltr' id='par_1_3' title="bbox 7 758 2257 843">
     <span class='ocr_line' id='line_1_6' title="bbox 7 758 2257 843; baseline 0.001 -27"><span class='ocrx_word' id='word_1_42' title='bbox 7 806 52 843; x_wconf 46' lang='lat' dir='ltr'><em>f</em></span> <span class='ocrx_word' id='word_1_43' title='bbox 114 814 134 832; x_wconf 66' lang='lat'><strong>,</strong></span> <span class='ocrx_word' id='word_1_44' title='bbox 224 759 516 835; x_wconf 85' lang='lat' dir='ltr'><strong>ignotiora</strong></span> <span class='ocrx_word' id='word_1_45' title='bbox 555 758 749 831; x_wconf 88' lang='lat' dir='ltr'><strong>maria,</strong></span> <span class='ocrx_word' id='word_1_46' title='bbox 781 760 842 817; x_wconf 90' lang='lat' dir='ltr'><strong>in</strong></span> <span class='ocrx_word' id='word_1_47' title='bbox 883 759 1168 817; x_wconf 77' lang='lat' dir='ltr'><strong>Graeciam</strong></span> <span class='ocrx_word' id='word_1_48' title='bbox 1209 759 1384 817; x_wconf 84' lang='lat' dir='ltr'><strong>misit.</strong></span> <span class='ocrx_word' id='word_1_49' title='bbox 1468 758 1637 816; x_wconf 88' lang='lat' dir='ltr'><strong>Titus</strong></span> <span class='ocrx_word' id='word_1_50' title='bbox 1675 767 1739 817; x_wconf 84' lang='lat' dir='ltr'><strong>et</strong></span> <span class='ocrx_word' id='word_1_51' title='bbox 1770 758 1993 817; x_wconf 89' lang='lat' dir='ltr'><strong>Arruns</strong></span> <span class='ocrx_word' id='word_1_52' title='bbox 2033 780 2163 838; x_wconf 88' lang='lat' dir='ltr'><strong>pro·</strong></span> <span class='ocrx_word' id='word_1_53' title='bbox 2180 767 2257 819; x_wconf 85' lang='lat'><strong>25</strong></span> 
     </span>
    </p>

    <p class='ocr_par' dir='ltr' id='par_1_4' title="bbox 7 810 2162 933">
     <span class='ocr_line' id='line_1_7' title="bbox 7 810 2162 933; baseline -0.001 -16"><span class='ocrx_word' id='word_1_54' title='bbox 7 882 25 904; x_wconf 56' lang='grc' dir='ltr'><strong><em>κ</em></strong></span> <span class='ocrx_word' id='word_1_55' title='bbox 57 810 158 917; x_wconf 65' lang='grc' dir='ltr'><strong>-ῙᾹΙ</strong></span> <span class='ocrx_word' id='word_1_56' title='bbox 170 856 380 930; x_wconf 54' lang='lat' dir='ltr'><strong>iniecti.</strong></span> <span class='ocrx_word' id='word_1_57' title='bbox 467 855 677 915; x_wconf 89' lang='lat' dir='ltr'><strong>Comes</strong></span> <span class='ocrx_word' id='word_1_58' title='bbox 725 856 798 914; x_wconf 90' lang='lat' dir='ltr'><strong>iis</strong></span> <span class='ocrx_word' id='word_1_59' title='bbox 846 856 1078 914; x_wconf 89' lang='lat' dir='ltr'><strong>additus</strong></span> <span class='ocrx_word' id='word_1_60' title='bbox 1121 855 1180 913; x_wconf 90' lang='lat' dir='ltr'><strong>L.</strong></span> <span class='ocrx_word' id='word_1_61' title='bbox 1205 855 1245 913; x_wconf 87' lang='lat' dir='ltr'><strong>J</strong></span> <span class='ocrx_word' id='word_1_62' title='bbox 1247 855 1417 913; x_wconf 89' lang='lat' dir='ltr'><strong>unius</strong></span> <span class='ocrx_word' id='word_1_63' title='bbox 1456 854 1693 927; x_wconf 88' lang='lat' dir='ltr'><strong>Brutus,</strong></span> <span class='ocrx_word' id='word_1_64' title='bbox 1722 854 2036 933; x_wconf 84' lang='lat' dir='ltr'><strong>Tarquinia</strong></span> <span class='ocrx_word' id='word_1_65' title='bbox 2076 876 2162 915; x_wconf 88' lang='lat' dir='ltr'><strong>so-</strong></span> 
     </span>
    </p>

    <p class='ocr_par' dir='ltr' id='par_1_5' title="bbox 8 950 2259 2285">
     <span class='ocr_line' id='line_1_8' title="bbox 8 950 2162 1030; baseline 0 -20"><span class='ocrx_word' id='word_1_66' title='bbox 8 956 47 993; x_wconf 63' lang='lat' dir='ltr'><strong>f-</strong></span> <span class='ocrx_word' id='word_1_67' title='bbox 223 971 350 1011; x_wconf 88' lang='lat' dir='ltr'><strong>rore</strong></span> <span class='ocrx_word' id='word_1_68' title='bbox 375 954 528 1030; x_wconf 86' lang='lat' dir='ltr'><strong>regis</strong></span> <span class='ocrx_word' id='word_1_69' title='bbox 553 959 739 1026; x_wconf 88' lang='lat' dir='ltr'><strong>natus,</strong></span> <span class='ocrx_word' id='word_1_70' title='bbox 769 952 995 1030; x_wconf 86' lang='lat' dir='ltr'><strong>juvenis</strong></span> <span class='ocrx_word' id='word_1_71' title='bbox 1027 952 1198 1029; x_wconf 91' lang='lat' dir='ltr'><strong>longe</strong></span> <span class='ocrx_word' id='word_1_72' title='bbox 1232 950 1377 1009; x_wconf 89' lang='lat' dir='ltr'><strong>alius</strong></span> <span class='ocrx_word' id='word_1_73' title='bbox 1408 951 1661 1029; x_wconf 82' lang='lat' dir='ltr'><strong>ingeniO,</strong></span> <span class='ocrx_word' id='word_1_74' title='bbox 1688 970 1859 1029; x_wconf 88' lang='lat' dir='ltr'><strong>quam</strong></span> <span class='ocrx_word' id='word_1_75' title='bbox 1892 950 2059 1029; x_wconf 83' lang='lat' dir='ltr'><strong>cujus</strong></span> <span class='ocrx_word' id='word_1_76' title='bbox 2092 953 2162 1010; x_wconf 87' lang='lat' dir='ltr'><strong>si-</strong></span> 
     </span>
     <span class='ocr_line' id='line_1_9' title="bbox 223 1047 2161 1126; baseline 0 -19"><span class='ocrx_word' id='word_1_77' title='bbox 223 1050 600 1109; x_wconf 86' lang='lat' dir='ltr'><strong>mulationem</strong></span> <span class='ocrx_word' id='word_1_78' title='bbox 630 1050 908 1109; x_wconf 86' lang='lat' dir='ltr'><strong>induerat.</strong></span> <span class='ocrx_word' id='word_1_79' title='bbox 987 1047 1052 1109; x_wconf 74' lang='lat' dir='ltr'><strong>Is</strong></span> <span class='ocrx_word' id='word_1_80' title='bbox 1085 1068 1217 1107; x_wconf 87' lang='lat' dir='ltr'><strong>cum</strong></span> <span class='ocrx_word' id='word_1_81' title='bbox 1247 1048 1527 1126; x_wconf 86' lang='lat' dir='ltr'><strong>primores</strong></span> <span class='ocrx_word' id='word_1_82' title='bbox 1559 1048 1825 1121; x_wconf 55' lang='lat' dir='ltr'><strong>civitatis</strong></span> <span class='ocrx_word' id='word_1_83' title='bbox 1854 1049 1916 1107; x_wconf 90' lang='lat' dir='ltr'><strong>in</strong></span> <span class='ocrx_word' id='word_1_84' title='bbox 1952 1049 2161 1126; x_wconf 88' lang='lat' dir='ltr'><strong>quibus</strong></span> 
     </span>
     <span class='ocr_line' id='line_1_10' title="bbox 221 1126 2158 1223; baseline 0 -20"><span class='ocrx_word' id='word_1_85' title='bbox 221 1126 461 1205; x_wconf 50' lang='lat' dir='ltr'><strong>fratrem</strong></span> <span class='ocrx_word' id='word_1_86' title='bbox 504 1167 671 1205; x_wconf 88' lang='lat' dir='ltr'><strong>suum</strong></span> <span class='ocrx_word' id='word_1_87' title='bbox 713 1147 785 1205; x_wconf 90' lang='lat' dir='ltr'><strong>ab</strong></span> <span class='ocrx_word' id='word_1_88' title='bbox 827 1146 1111 1205; x_wconf 88' lang='lat' dir='ltr'><strong>avunculo</strong></span> <span class='ocrx_word' id='word_1_89' title='bbox 1153 1146 1526 1206; x_wconf 82' lang='lat' dir='ltr'><strong>interfectum</strong></span> <span class='ocrx_word' id='word_1_90' title='bbox 1567 1145 1833 1217; x_wconf 76' lang='lat' dir='ltr'><strong>audisset,</strong></span> <span class='ocrx_word' id='word_1_91' title='bbox 1870 1165 2056 1223; x_wconf 90' lang='lat' dir='ltr'><strong>neque</strong></span> <span class='ocrx_word' id='word_1_92' title='bbox 2098 1148 2158 1203; x_wconf 87' lang='lat' dir='ltr'><strong>in</strong></span> 
     </span>
     <span class='ocr_line' id='line_1_11' title="bbox 225 1238 2254 1321; baseline 0 -23"><span class='ocrx_word' id='word_1_93' title='bbox 225 1244 418 1299; x_wconf 88' lang='lat' dir='ltr'><strong>animo</strong></span> <span class='ocrx_word' id='word_1_94' title='bbox 447 1263 550 1300; x_wconf 90' lang='lat' dir='ltr'><strong>suo</strong></span> <span class='ocrx_word' id='word_1_95' title='bbox 583 1243 891 1321; x_wconf 84' lang='lat' dir='ltr'><strong>quicquam</strong></span> <span class='ocrx_word' id='word_1_96' title='bbox 923 1243 1046 1321; x_wconf 89' lang='lat' dir='ltr'><strong>regi</strong></span> <span class='ocrx_word' id='word_1_97' title='bbox 1077 1238 1420 1314; x_wconf 73' lang='lat' dir='ltr'><strong>timendum,</strong></span> <span class='ocrx_word' id='word_1_98' title='bbox 1452 1260 1639 1319; x_wconf 90' lang='lat' dir='ltr'><strong>neque</strong></span> <span class='ocrx_word' id='word_1_99' title='bbox 1670 1242 1735 1299; x_wconf 89' lang='lat' dir='ltr'><strong>in</strong></span> <span class='ocrx_word' id='word_1_100' title='bbox 1760 1242 1997 1299; x_wconf 81' lang='lat' dir='ltr'><strong>fortuna</strong></span> <span class='ocrx_word' id='word_1_101' title='bbox 2028 1262 2162 1301; x_wconf 89' lang='lat' dir='ltr'><strong>con·</strong></span> <span class='ocrx_word' id='word_1_102' title='bbox 2178 1248 2254 1300; x_wconf 88' lang='grc'><strong>30</strong></span> 
     </span>
     <span class='ocr_line' id='line_1_12' title="bbox 224 1333 2155 1418; baseline 0.002 -23"><span class='ocrx_word' id='word_1_103' title='bbox 224 1339 634 1417; x_wconf 87' lang='lat' dir='ltr'><strong>cupiscendum</strong></span> <span class='ocrx_word' id='word_1_104' title='bbox 683 1340 1000 1418; x_wconf 86' lang='lat' dir='ltr'><strong>relinquere</strong></span> <span class='ocrx_word' id='word_1_105' title='bbox 1048 1333 1268 1411; x_wconf 68' lang='lat' dir='ltr'><strong>statuitj</strong></span> <span class='ocrx_word' id='word_1_106' title='bbox 1312 1344 1763 1417; x_wconf 87' lang='lat' dir='ltr'><strong>contemptuque</strong></span> <span class='ocrx_word' id='word_1_107' title='bbox 1808 1346 1971 1397; x_wconf 89' lang='lat' dir='ltr'><strong>tutus</strong></span> <span class='ocrx_word' id='word_1_108' title='bbox 2018 1359 2155 1413; x_wconf 89' lang='lat' dir='ltr'><strong>esse,</strong></span> 
     </span>
     <span class='ocr_line' id='line_1_13' title="bbox 225 1435 2159 1513; baseline 0.001 -20"><span class='ocrx_word' id='word_1_109' title='bbox 225 1436 325 1493; x_wconf 92' lang='lat' dir='ltr'><strong>ubi</strong></span> <span class='ocrx_word' id='word_1_110' title='bbox 357 1437 418 1493; x_wconf 91' lang='lat' dir='ltr'><strong>in</strong></span> <span class='ocrx_word' id='word_1_111' title='bbox 446 1436 572 1512; x_wconf 83' lang='lat' dir='ltr'><strong>jure</strong></span> <span class='ocrx_word' id='word_1_112' title='bbox 599 1454 803 1513; x_wconf 90' lang='lat' dir='ltr'><strong>parum</strong></span> <span class='ocrx_word' id='word_1_113' title='bbox 830 1436 1087 1513; x_wconf 75' lang='lat' dir='ltr'><strong>praesidii</strong></span> <span class='ocrx_word' id='word_1_114' title='bbox 1120 1442 1284 1494; x_wconf 89' lang='lat' dir='ltr'><strong>esset.</strong></span> <span class='ocrx_word' id='word_1_115' title='bbox 1368 1435 1525 1513; x_wconf 91' lang='lat' dir='ltr'><strong>Ergo</strong></span> <span class='ocrx_word' id='word_1_116' title='bbox 1558 1455 1628 1493; x_wconf 83' lang='lat' dir='ltr'><strong>ex</strong></span> <span class='ocrx_word' id='word_1_117' title='bbox 1662 1435 1944 1493; x_wconf 89' lang='lat' dir='ltr'><strong>industria</strong></span> <span class='ocrx_word' id='word_1_118' title='bbox 1969 1436 2159 1495; x_wconf 81' lang='lat' dir='ltr'><strong>factus</strong></span> 
     </span>
     <span class='ocr_line' id='line_1_14' title="bbox 223 1532 2160 1626; baseline 0.001 -37"><span class='ocrx_word' id='word_1_119' title='bbox 223 1532 298 1589; x_wconf 88' lang='lat' dir='ltr'><strong>ad</strong></span> <span class='ocrx_word' id='word_1_120' title='bbox 325 1532 709 1590; x_wconf 87' lang='lat' dir='ltr'><strong>imitationem</strong></span> <span class='ocrx_word' id='word_1_121' title='bbox 739 1532 1018 1605; x_wconf 84' lang='lat' dir='ltr'><strong>stultitiae,</strong></span> <span class='ocrx_word' id='word_1_122' title='bbox 1083 1553 1184 1590; x_wconf 91' lang='lat' dir='ltr'><strong>um</strong></span> <span class='ocrx_word' id='word_1_123' title='bbox 1213 1552 1274 1590; x_wconf 90' lang='lat' dir='ltr'><strong>se</strong></span> <span class='ocrx_word' id='word_1_124' title='bbox 1302 1551 1515 1626; x_wconf 65' lang='lat' dir='ltr'><strong>sqaque</strong></span> <span class='ocrx_word' id='word_1_125' title='bbox 1584 1532 1757 1589; x_wconf 84' lang='lat' dir='ltr'><strong>raedae</strong></span> <span class='ocrx_word' id='word_1_126' title='bbox 1792 1550 1911 1591; x_wconf 89' lang='lat' dir='ltr'><strong>esse</strong></span> <span class='ocrx_word' id='word_1_127' title='bbox 1938 1534 2063 1611; x_wconf 88' lang='lat' dir='ltr'><strong>regi</strong></span> <span class='ocrx_word' id='word_1_128' title='bbox 2090 1534 2160 1591; x_wconf 91' lang='grc'>81·-</span> 
     </span>
     <span class='ocr_line' id='line_1_15' title="bbox 223 1551 2161 1711; baseline 0.001 -26"><span class='ocrx_word' id='word_1_129' title='bbox 223 1634 401 1699; x_wconf 90' lang='lat' dir='ltr'><strong>neret,</strong></span> <span class='ocrx_word' id='word_1_130' title='bbox 426 1628 596 1686; x_wconf 87' lang='lat' dir='ltr'><strong>Bruti</strong></span> <span class='ocrx_word' id='word_1_131' title='bbox 627 1647 854 1706; x_wconf 90' lang='lat' dir='ltr'><strong>quoque</strong></span> <span class='ocrx_word' id='word_1_132' title='bbox 881 1628 1038 1686; x_wconf 89' lang='lat' dir='ltr'><strong>haud</strong></span> <span class='ocrx_word' id='word_1_133' title='bbox 1066 1648 1100 1685; x_wconf 91' lang='lat' dir='ltr'><strong>a</strong></span> <span class='ocrx_word' id='word_1_134' title='bbox 1139 1649 1177 1686; x_wconf 89' lang='lat' dir='ltr'><strong>n</strong></span> <span class='ocrx_word' id='word_1_135' title='bbox 1276 1608 1348 1686; x_wconf 60' lang='lat'><strong>⁹2?</strong></span> <span class='ocrx_word' id='word_1_136' title='bbox 1369 1626 1396 1711; x_wconf 6' lang='grc' dir='ltr'><strong>γ’</strong></span> <span class='ocrx_word' id='word_1_137' title='bbox 1427 1551 1638 1700; x_wconf 36' lang='lat' dir='ltr'><strong>*ogra</strong></span> <span class='ocrx_word' id='word_1_138' title='bbox 1668 1632 1736 1686; x_wconf 90' lang='lat' dir='ltr'><strong>ut</strong></span> <span class='ocrx_word' id='word_1_139' title='bbox 1770 1628 1874 1687; x_wconf 90' lang='lat' dir='ltr'><strong>sub</strong></span> <span class='ocrx_word' id='word_1_140' title='bbox 1904 1628 2029 1706; x_wconf 85' lang='lat' dir='ltr'><strong>ejus</strong></span> <span class='ocrx_word' id='word_1_141' title='bbox 2062 1628 2161 1687; x_wconf 89' lang='lat' dir='ltr'><strong>ob-</strong></span> 
     </span>
     <span class='ocr_line' id='line_1_16' title="bbox 222 1724 2254 1815; baseline 0 -33"><span class='ocrx_word' id='word_1_142' title='bbox 222 1731 389 1782; x_wconf 88' lang='lat' dir='ltr'><strong>tentu</strong></span> <span class='ocrx_word' id='word_1_143' title='bbox 417 1726 778 1803; x_wconf 84' lang='lat' dir='ltr'><strong>cognominis</strong></span> <span class='ocrx_word' id='word_1_144' title='bbox 806 1724 1076 1783; x_wconf 87' lang='lat' dir='ltr'><strong>liberator</strong></span> <span class='ocrx_word' id='word_1_145' title='bbox 1101 1725 1197 1783; x_wconf 90' lang='lat' dir='ltr'><strong>ille</strong></span> <span class='ocrx_word' id='word_1_146' title='bbox 1225 1725 1428 1815; x_wconf 59' lang='lat' dir='ltr'><strong>populi</strong></span> <span class='ocrx_word' id='word_1_147' title='bbox 1446 1724 1699 1782; x_wconf 85' lang='lat' dir='ltr'><strong>Romani</strong></span> <span class='ocrx_word' id='word_1_148' title='bbox 1724 1725 1950 1783; x_wconf 87' lang='lat' dir='ltr'><strong>animus</strong></span> <span class='ocrx_word' id='word_1_149' title='bbox 1974 1725 2159 1783; x_wconf 90' lang='lat' dir='ltr'><strong>latens</strong></span> <span class='ocrx_word' id='word_1_150' title='bbox 2178 1731 2254 1783; x_wconf 88' lang='grc'><strong>35</strong></span> 
     </span>
     <span class='ocr_line' id='line_1_17' title="bbox 225 1820 2160 1927; baseline -0.001 -48"><span class='ocrx_word' id='word_1_151' title='bbox 225 1822 584 1906; x_wconf 76' lang='lat' dir='ltr'><strong>opperiretur</strong></span> <span class='ocrx_word' id='word_1_152' title='bbox 610 1830 874 1899; x_wconf 90' lang='lat' dir='ltr'><strong>tempora</strong></span> <span class='ocrx_word' id='word_1_153' title='bbox 901 1826 1060 1927; x_wconf 59' lang='grc' dir='ltr'>8111ιῇ</span> <span class='ocrx_word' id='word_1_154' title='bbox 1103 1821 1161 1878; x_wconf 93' lang='lat' dir='ltr'><strong>Is</strong></span> <span class='ocrx_word' id='word_1_155' title='bbox 1188 1828 1316 1879; x_wconf 91' lang='grc'>111111</span> <span class='ocrx_word' id='word_1_156' title='bbox 1346 1821 1417 1879; x_wconf 88' lang='lat' dir='ltr'><strong>ab</strong></span> <span class='ocrx_word' id='word_1_157' title='bbox 1445 1820 1771 1898; x_wconf 84' lang='lat' dir='ltr'><strong>Tarquiniis</strong></span> <span class='ocrx_word' id='word_1_158' title='bbox 1799 1820 2005 1879; x_wconf 87' lang='lat' dir='ltr'><strong>ductus</strong></span> <span class='ocrx_word' id='word_1_159' title='bbox 2026 1822 2160 1881; x_wconf 91' lang='lat' dir='ltr'><strong>Del-</strong></span> 
     </span>
     <span class='ocr_line' id='line_1_18' title="bbox 223 1918 2160 1996; baseline 0.001 -20"><span class='ocrx_word' id='word_1_160' title='bbox 223 1920 388 1995; x_wconf 88' lang='lat' dir='ltr'><strong>phos,</strong></span> <span class='ocrx_word' id='word_1_161' title='bbox 419 1920 732 1979; x_wconf 88' lang='lat' dir='ltr'><strong>ludibrium</strong></span> <span class='ocrx_word' id='word_1_162' title='bbox 760 1919 948 1977; x_wconf 85' lang='lat' dir='ltr'><strong>verius</strong></span> <span class='ocrx_word' id='word_1_163' title='bbox 980 1938 1152 1996; x_wconf 90' lang='lat' dir='ltr'><strong>quam</strong></span> <span class='ocrx_word' id='word_1_164' title='bbox 1182 1937 1391 1991; x_wconf 78' lang='lat' dir='ltr'><strong>comeS,</strong></span> <span class='ocrx_word' id='word_1_165' title='bbox 1422 1937 1655 1976; x_wconf 90' lang='lat' dir='ltr'><strong>aureum</strong></span> <span class='ocrx_word' id='word_1_166' title='bbox 1683 1918 1951 1976; x_wconf 78' lang='lat' dir='ltr'><strong>baculum</strong></span> <span class='ocrx_word' id='word_1_167' title='bbox 1982 1918 2160 1977; x_wconf 88' lang='lat' dir='ltr'><strong>inclu—</strong></span> 
     </span>
     <span class='ocr_line' id='line_1_19' title="bbox 225 2015 2159 2092; baseline 0.001 -20"><span class='ocrx_word' id='word_1_168' title='bbox 225 2036 351 2073; x_wconf 90' lang='lat' dir='ltr'><strong>sum</strong></span> <span class='ocrx_word' id='word_1_169' title='bbox 381 2036 587 2075; x_wconf 87' lang='lat' dir='ltr'><strong>corneo</strong></span> <span class='ocrx_word' id='word_1_170' title='bbox 617 2024 815 2075; x_wconf 87' lang='lat' dir='ltr'><strong>cavato</strong></span> <span class='ocrx_word' id='word_1_171' title='bbox 845 2016 919 2073; x_wconf 87' lang='lat' dir='ltr'><strong>ad</strong></span> <span class='ocrx_word' id='word_1_172' title='bbox 945 2016 1009 2073; x_wconf 83' lang='lat' dir='ltr'><strong>id.</strong></span> <span class='ocrx_word' id='word_1_173' title='bbox 1034 2015 1239 2073; x_wconf 88' lang='lat' dir='ltr'><strong>baculo</strong></span> <span class='ocrx_word' id='word_1_174' title='bbox 1267 2015 1465 2073; x_wconf 83' lang='lat' dir='ltr'><strong>tulisse</strong></span> <span class='ocrx_word' id='word_1_175' title='bbox 1493 2015 1709 2072; x_wconf 89' lang='lat' dir='ltr'><strong>donum</strong></span> <span class='ocrx_word' id='word_1_176' title='bbox 1731 2015 1995 2092; x_wconf 86' lang='lat' dir='ltr'><strong>Apollini</strong></span> <span class='ocrx_word' id='word_1_177' title='bbox 2022 2017 2159 2075; x_wconf 57' lang='lat' dir='ltr'><strong>diciss</strong></span> 
     </span>
     <span class='ocr_line' id='line_1_20' title="bbox 225 2111 2160 2191; baseline 0.001 -22"><span class='ocrx_word' id='word_1_178' title='bbox 225 2119 335 2183; x_wconf 88' lang='lat' dir='ltr'><strong>tur,</strong></span> <span class='ocrx_word' id='word_1_179' title='bbox 367 2132 470 2189; x_wconf 90' lang='lat' dir='ltr'><strong>per</strong></span> <span class='ocrx_word' id='word_1_180' title='bbox 503 2113 771 2191; x_wconf 82' lang='lat' dir='ltr'><strong>ambages</strong></span> <span class='ocrx_word' id='word_1_181' title='bbox 805 2112 1053 2191; x_wconf 87' lang='lat' dir='ltr'><strong>effigiem</strong></span> <span class='ocrx_word' id='word_1_182' title='bbox 1087 2112 1307 2190; x_wconf 87' lang='lat' dir='ltr'><strong>ingenii</strong></span> <span class='ocrx_word' id='word_1_183' title='bbox 1342 2113 1445 2170; x_wconf 89' lang='lat' dir='ltr'><strong>sui.</strong></span> <span class='ocrx_word' id='word_1_184' title='bbox 1530 2111 1660 2180; x_wconf 83' lang='lat' dir='ltr'><strong>Quo</strong></span> <span class='ocrx_word' id='word_1_185' title='bbox 1692 2120 1998 2190; x_wconf 87' lang='lat' dir='ltr'><strong>postquam</strong></span> <span class='ocrx_word' id='word_1_186' title='bbox 2028 2133 2160 2171; x_wconf 88' lang='lat' dir='ltr'><strong>ven-</strong></span> 
     </span>
     <span class='ocr_line' id='line_1_21' title="bbox 225 2208 2259 2285; baseline 0.001 -21"><span class='ocrx_word' id='word_1_187' title='bbox 225 2213 353 2264; x_wconf 90' lang='lat' dir='ltr'><strong>tum</strong></span> <span class='ocrx_word' id='word_1_188' title='bbox 385 2213 487 2278; x_wconf 92' lang='lat' dir='ltr'><strong>est,</strong></span> <span class='ocrx_word' id='word_1_189' title='bbox 523 2208 796 2283; x_wconf 85' lang='lat' dir='ltr'><strong>perfectis</strong></span> <span class='ocrx_word' id='word_1_190' title='bbox 843 2210 1024 2285; x_wconf 87' lang='lat' dir='ltr'><strong>patris</strong></span> <span class='ocrx_word' id='word_1_191' title='bbox 1067 2208 1372 2279; x_wconf 88' lang='lat' dir='ltr'><strong>mandatis,</strong></span> <span class='ocrx_word' id='word_1_192' title='bbox 1410 2208 1621 2285; x_wconf 87' lang='lat' dir='ltr'><strong>cupido</strong></span> <span class='ocrx_word' id='word_1_193' title='bbox 1664 2208 1895 2266; x_wconf 81' lang='lat' dir='ltr'><strong>incessit</strong></span> <span class='ocrx_word' id='word_1_194' title='bbox 1936 2209 2158 2266; x_wconf 89' lang='lat' dir='ltr'><strong>animos</strong></span> <span class='ocrx_word' id='word_1_195' title='bbox 2177 2212 2259 2267; x_wconf 87' lang='lat'><strong>40</strong></span> 
     </span>
    </p>
   </div>
   <div class='ocr_carea' id='block_1_3' title="bbox 187 2302 2265 3344">
    <p class='ocr_par' dir='ltr' id='par_1_6' title="bbox 187 2302 2265 3344">
     <span class='ocr_line' id='line_1_22' title="bbox 237 2302 2159 2381; baseline 0.002 -22"><span class='ocrx_word' id='word_1_196' title='bbox 237 2302 512 2379; x_wconf 81' lang='lat' dir='ltr'><strong>juvenum</strong></span> <span class='ocrx_word' id='word_1_197' title='bbox 543 2303 886 2375; x_wconf 85' lang='lat' dir='ltr'><strong>sciscitandi,</strong></span> <span class='ocrx_word' id='word_1_198' title='bbox 919 2304 993 2361; x_wconf 87' lang='lat' dir='ltr'><strong>ad</strong></span> <span class='ocrx_word' id='word_1_199' title='bbox 1021 2324 1192 2381; x_wconf 90' lang='lat' dir='ltr'><strong>quem</strong></span> <span class='ocrx_word' id='word_1_200' title='bbox 1227 2324 1426 2362; x_wconf 90' lang='lat' dir='ltr'><strong>eorum</strong></span> <span class='ocrx_word' id='word_1_201' title='bbox 1454 2323 1693 2381; x_wconf 88' lang='lat' dir='ltr'><strong>regnum</strong></span> <span class='ocrx_word' id='word_1_202' title='bbox 1722 2304 2048 2363; x_wconf 86' lang='lat' dir='ltr'><strong>Romanum</strong></span> <span class='ocrx_word' id='word_1_203' title='bbox 2078 2324 2159 2363; x_wconf 90' lang='lat' dir='ltr'><strong>es-</strong></span> 
     </span>
     <span class='ocr_line' id='line_1_23' title="bbox 227 2399 2155 2477; baseline 0.003 -24"><span class='ocrx_word' id='word_1_204' title='bbox 227 2404 313 2455; x_wconf 89' lang='lat' dir='ltr'><strong>set</strong></span> <span class='ocrx_word' id='word_1_205' title='bbox 358 2405 677 2456; x_wconf 88' lang='lat' dir='ltr'><strong>venturum.</strong></span> <span class='ocrx_word' id='word_1_206' title='bbox 723 2399 850 2457; x_wconf 48' lang='lat' dir='ltr'><strong>*Ex</strong></span> <span class='ocrx_word' id='word_1_207' title='bbox 892 2400 1095 2458; x_wconf 89' lang='lat' dir='ltr'><strong>infimo</strong></span> <span class='ocrx_word' id='word_1_208' title='bbox 1141 2420 1315 2477; x_wconf 87' lang='lat' dir='ltr'><strong>specu</strong></span> <span class='ocrx_word' id='word_1_209' title='bbox 1357 2419 1554 2458; x_wconf 89' lang='lat' dir='ltr'><strong>vocem</strong></span> <span class='ocrx_word' id='word_1_210' title='bbox 1601 2400 1887 2458; x_wconf 89' lang='lat' dir='ltr'><strong>redditam</strong></span> <span class='ocrx_word' id='word_1_211' title='bbox 1928 2401 2155 2459; x_wconf 89' lang='lat' dir='ltr'><strong>ferunt:</strong></span> 
     </span>
     <span class='ocr_line' id='line_1_24' title="bbox 187 2489 2159 2573; baseline 0.003 -24"><span class='ocrx_word' id='word_1_212' title='bbox 187 2489 268 2521; x_wconf 35' lang='grc' dir='ltr'><strong>ἐὖ</strong></span> <span class='ocrx_word' id='word_1_213' title='bbox 281 2494 595 2569; x_wconf 86' lang='lat' dir='ltr'><strong>Imperium</strong></span> <span class='ocrx_word' id='word_1_214' title='bbox 639 2505 927 2552; x_wconf 84' lang='lat' dir='ltr'><strong>summum</strong></span> <span class='ocrx_word' id='word_1_215' title='bbox 961 2496 1166 2553; x_wconf 75' lang='lat' dir='ltr'><strong>Romae</strong></span> <span class='ocrx_word' id='word_1_216' title='bbox 1207 2496 1444 2553; x_wconf 91' lang='lat' dir='ltr'><strong>habebit</strong></span> <span class='ocrx_word' id='word_1_217' title='bbox 1488 2496 1585 2573; x_wconf 91' lang='lat' dir='ltr'><strong>qui</strong></span> <span class='ocrx_word' id='word_1_218' title='bbox 1626 2503 1878 2554; x_wconf 85' lang='lat' dir='ltr'><strong>vestrum</strong></span> <span class='ocrx_word' id='word_1_219' title='bbox 1919 2497 2159 2573; x_wconf 78' lang='lat' dir='ltr'><strong>primUS,</strong></span> 
     </span>
     <span class='ocr_line' id='line_1_25' title="bbox 227 2590 2157 2670; baseline 0.001 -23"><span class='ocrx_word' id='word_1_220' title='bbox 227 2610 262 2647; x_wconf 95' lang='lat' dir='ltr'><strong>o</strong></span> <span class='ocrx_word' id='word_1_221' title='bbox 304 2590 554 2667; x_wconf 81' lang='lat' dir='ltr'><strong>juveneS,</strong></span> <span class='ocrx_word' id='word_1_222' title='bbox 588 2591 845 2649; x_wconf 90' lang='lat' dir='ltr'><strong>osculum</strong></span> <span class='ocrx_word' id='word_1_223' title='bbox 887 2594 1057 2649; x_wconf 88' lang='lat' dir='ltr'><strong>matri</strong></span> <span class='ocrx_word' id='word_1_224' title='bbox 1091 2592 1343 2651; x_wconf 86' lang='lat' dir='ltr'><strong>tulerit.’&#39;</strong></span> <span class='ocrx_word' id='word_1_225' title='bbox 1426 2592 1770 2670; x_wconf 85' lang='lat' dir='ltr'><strong>Tarquinius</strong></span> <span class='ocrx_word' id='word_1_226' title='bbox 1804 2592 2026 2665; x_wconf 87' lang='lat' dir='ltr'><strong>Sextus,</strong></span> <span class='ocrx_word' id='word_1_227' title='bbox 2058 2593 2157 2670; x_wconf 93' lang='lat' dir='ltr'><strong>qui</strong></span> 
     </span>
     <span class='ocr_line' id='line_1_26' title="bbox 226 2686 2265 2767; baseline 0.003 -25"><span class='ocrx_word' id='word_1_228' title='bbox 226 2686 430 2743; x_wconf 80' lang='lat' dir='ltr'><strong>Romae</strong></span> <span class='ocrx_word' id='word_1_229' title='bbox 459 2686 686 2744; x_wconf 88' lang='lat' dir='ltr'><strong>relictus</strong></span> <span class='ocrx_word' id='word_1_230' title='bbox 715 2688 920 2759; x_wconf 90' lang='lat' dir='ltr'><strong>fuerat,</strong></span> <span class='ocrx_word' id='word_1_231' title='bbox 952 2695 1018 2747; x_wconf 90' lang='lat' dir='ltr'><strong>ut</strong></span> <span class='ocrx_word' id='word_1_232' title='bbox 1045 2688 1277 2766; x_wconf 90' lang='lat' dir='ltr'><strong>ignarus</strong></span> <span class='ocrx_word' id='word_1_233' title='bbox 1305 2690 1562 2767; x_wconf 87' lang='lat' dir='ltr'><strong>responsi</strong></span> <span class='ocrx_word' id='word_1_234' title='bbox 1592 2709 1902 2767; x_wconf 88' lang='lat' dir='ltr'><strong>expersque</strong></span> <span class='ocrx_word' id='word_1_235' title='bbox 1930 2689 2157 2767; x_wconf 87' lang='lat' dir='ltr'><strong>imperii</strong></span> <span class='ocrx_word' id='word_1_236' title='bbox 2180 2694 2265 2749; x_wconf 83' lang='lat'><strong>45</strong></span> 
     </span>
     <span class='ocr_line' id='line_1_27' title="bbox 227 2785 2155 2863; baseline 0.001 -22"><span class='ocrx_word' id='word_1_237' title='bbox 227 2790 389 2855; x_wconf 89' lang='lat' dir='ltr'><strong>esset,</strong></span> <span class='ocrx_word' id='word_1_238' title='bbox 413 2802 534 2841; x_wconf 89' lang='lat' dir='ltr'><strong>rem</strong></span> <span class='ocrx_word' id='word_1_239' title='bbox 563 2804 788 2842; x_wconf 90' lang='lat' dir='ltr'><strong>summa</strong></span> <span class='ocrx_word' id='word_1_240' title='bbox 814 2804 924 2862; x_wconf 90' lang='lat' dir='ltr'><strong>ope</strong></span> <span class='ocrx_word' id='word_1_241' title='bbox 943 2786 1118 2843; x_wconf 90' lang='lat' dir='ltr'><strong>taceri</strong></span> <span class='ocrx_word' id='word_1_242' title='bbox 1145 2785 1383 2861; x_wconf 85' lang='lat' dir='ltr'><strong>jubent:</strong></span> <span class='ocrx_word' id='word_1_243' title='bbox 1417 2786 1530 2863; x_wconf 89' lang='lat' dir='ltr'><strong>ipsi</strong></span> <span class='ocrx_word' id='word_1_244' title='bbox 1558 2786 1709 2844; x_wconf 89' lang='lat' dir='ltr'><strong>inter</strong></span> <span class='ocrx_word' id='word_1_245' title='bbox 1736 2806 1809 2857; x_wconf 91' lang='lat' dir='ltr'><strong>se,</strong></span> <span class='ocrx_word' id='word_1_246' title='bbox 1835 2793 1963 2843; x_wconf 91' lang='lat' dir='ltr'><strong>uter</strong></span> <span class='ocrx_word' id='word_1_247' title='bbox 1982 2786 2155 2863; x_wconf 87' lang='lat' dir='ltr'><strong>prior,</strong></span> 
     </span>
     <span class='ocr_line' id='line_1_28' title="bbox 228 2879 2155 2958; baseline 0.002 -22"><span class='ocrx_word' id='word_1_248' title='bbox 228 2898 356 2936; x_wconf 88' lang='lat' dir='ltr'><strong>cum</strong></span> <span class='ocrx_word' id='word_1_249' title='bbox 379 2879 626 2937; x_wconf 86' lang='lat' dir='ltr'><strong>Romam</strong></span> <span class='ocrx_word' id='word_1_250' title='bbox 647 2881 941 2953; x_wconf 86' lang='lat' dir='ltr'><strong>redissent,</strong></span> <span class='ocrx_word' id='word_1_251' title='bbox 960 2882 1132 2939; x_wconf 86' lang='lat' dir='ltr'><strong>matri</strong></span> <span class='ocrx_word' id='word_1_252' title='bbox 1155 2882 1413 2939; x_wconf 85' lang='lat' dir='ltr'><strong>osculum</strong></span> <span class='ocrx_word' id='word_1_253' title='bbox 1436 2882 1613 2954; x_wconf 89' lang='lat' dir='ltr'><strong>daret,</strong></span> <span class='ocrx_word' id='word_1_254' title='bbox 1635 2884 1773 2940; x_wconf 87' lang='lat' dir='ltr'><strong>sorti</strong></span> <span class='ocrx_word' id='word_1_255' title='bbox 1794 2883 2155 2958; x_wconf 89' lang='lat' dir='ltr'><strong>permittunt.</strong></span> 
     </span>
     <span class='ocr_line' id='line_1_29' title="bbox 226 2976 2160 3056; baseline 0.001 -23"><span class='ocrx_word' id='word_1_256' title='bbox 226 2976 442 3035; x_wconf 88' lang='lat' dir='ltr'><strong>Brutus</strong></span> <span class='ocrx_word' id='word_1_257' title='bbox 470 2976 582 3035; x_wconf 87' lang='lat' dir='ltr'><strong>alio</strong></span> <span class='ocrx_word' id='word_1_258' title='bbox 611 2984 767 3035; x_wconf 88' lang='lat' dir='ltr'><strong>ratus</strong></span> <span class='ocrx_word' id='word_1_259' title='bbox 801 2984 1056 3055; x_wconf 88' lang='lat' dir='ltr'><strong>spectare</strong></span> <span class='ocrx_word' id='word_1_260' title='bbox 1085 2978 1393 3056; x_wconf 85' lang='lat' dir='ltr'><strong>Pythicam</strong></span> <span class='ocrx_word' id='word_1_261' title='bbox 1424 2998 1639 3050; x_wconf 85' lang='lat' dir='ltr'><strong>vocem,</strong></span> <span class='ocrx_word' id='word_1_262' title='bbox 1663 2978 1820 3036; x_wconf 86' lang='lat' dir='ltr'><strong>velut</strong></span> <span class='ocrx_word' id='word_1_263' title='bbox 1854 2979 1901 3035; x_wconf 87' lang='lat' dir='ltr'><strong>si</strong></span> <span class='ocrx_word' id='word_1_264' title='bbox 1934 2978 2160 3056; x_wconf 90' lang='lat' dir='ltr'><strong>prolap-</strong></span> 
     </span>
     <span class='ocr_line' id='line_1_30' title="bbox 227 3074 2161 3153; baseline 0 -22"><span class='ocrx_word' id='word_1_265' title='bbox 227 3094 322 3132; x_wconf 88' lang='lat' dir='ltr'><strong>sus</strong></span> <span class='ocrx_word' id='word_1_266' title='bbox 355 3075 666 3147; x_wconf 88' lang='lat' dir='ltr'><strong>cecidisset,</strong></span> <span class='ocrx_word' id='word_1_267' title='bbox 697 3083 906 3133; x_wconf 91' lang='lat' dir='ltr'><strong>terram</strong></span> <span class='ocrx_word' id='word_1_268' title='bbox 942 3075 1137 3134; x_wconf 88' lang='lat' dir='ltr'><strong>osculo</strong></span> <span class='ocrx_word' id='word_1_269' title='bbox 1171 3076 1434 3153; x_wconf 86' lang='lat' dir='ltr'><strong>contigit,</strong></span> <span class='ocrx_word' id='word_1_270' title='bbox 1467 3075 1683 3133; x_wconf 87' lang='lat' dir='ltr'><strong>seilicet</strong></span> <span class='ocrx_word' id='word_1_271' title='bbox 1718 3074 1874 3152; x_wconf 87' lang='lat' dir='ltr'><strong>quod</strong></span> <span class='ocrx_word' id='word_1_272' title='bbox 1906 3094 1974 3133; x_wconf 91' lang='lat' dir='ltr'><strong>ea</strong></span> <span class='ocrx_word' id='word_1_273' title='bbox 2006 3094 2161 3133; x_wconf 88' lang='lat' dir='ltr'><strong>com-</strong></span> 
     </span>
     <span class='ocr_line' id='line_1_31' title="bbox 225 3170 2261 3233; baseline 0.003 -7"><span class='ocrx_word' id='word_1_274' title='bbox 225 3172 416 3228; x_wconf 91' lang='lat' dir='ltr'><strong>munis</strong></span> <span class='ocrx_word' id='word_1_275' title='bbox 447 3180 632 3230; x_wconf 90' lang='lat' dir='ltr'><strong>mater</strong></span> <span class='ocrx_word' id='word_1_276' title='bbox 665 3174 926 3231; x_wconf 89' lang='lat' dir='ltr'><strong>omnium</strong></span> <span class='ocrx_word' id='word_1_277' title='bbox 959 3172 1290 3230; x_wconf 86' lang='lat' dir='ltr'><strong>mortalium</strong></span> <span class='ocrx_word' id='word_1_278' title='bbox 1327 3179 1488 3229; x_wconf 87' lang='lat' dir='ltr'><strong>esset.</strong></span> <span class='ocrx_word' id='word_1_279' title='bbox 1573 3171 1848 3229; x_wconf 89' lang='lat' dir='ltr'><strong>Reditum</strong></span> <span class='ocrx_word' id='word_1_280' title='bbox 1881 3171 2017 3229; x_wconf 87' lang='lat' dir='ltr'><strong>inde</strong></span> <span class='ocrx_word' id='word_1_281' title='bbox 2044 3170 2159 3231; x_wconf 88' lang='lat' dir='ltr'><strong>Ro-</strong></span> <span class='ocrx_word' id='word_1_282' title='bbox 2182 3180 2261 3233; x_wconf 80' lang='lat'><strong>50</strong></span> 
     </span>
     <span class='ocr_line' id='line_1_32' title="bbox 225 3266 2015 3344; baseline 0.002 -23"><span class='ocrx_word' id='word_1_283' title='bbox 225 3284 397 3336; x_wconf 91' lang='lat' dir='ltr'><strong>mam,</strong></span> <span class='ocrx_word' id='word_1_284' title='bbox 422 3267 521 3323; x_wconf 90' lang='lat' dir='ltr'><strong>ubi</strong></span> <span class='ocrx_word' id='word_1_285' title='bbox 549 3267 816 3326; x_wconf 86' lang='lat' dir='ltr'><strong>adversus</strong></span> <span class='ocrx_word' id='word_1_286' title='bbox 843 3268 1090 3326; x_wconf 88' lang='lat' dir='ltr'><strong>Rutulos</strong></span> <span class='ocrx_word' id='word_1_287' title='bbox 1116 3267 1331 3326; x_wconf 92' lang='lat' dir='ltr'><strong>bellum</strong></span> <span class='ocrx_word' id='word_1_288' title='bbox 1362 3286 1585 3324; x_wconf 88' lang='lat' dir='ltr'><strong>summa</strong></span> <span class='ocrx_word' id='word_1_289' title='bbox 1612 3267 1669 3323; x_wconf 84' lang='lat' dir='ltr'><strong>vi</strong></span> <span class='ocrx_word' id='word_1_290' title='bbox 1696 3266 2015 3344; x_wconf 87' lang='lat' dir='ltr'><strong>parabatur.</strong></span> 
     </span>
    </p>
   </div>
   <div class='ocr_carea' id='block_1_4' title="bbox 129 3442 1280 3568">
    <p class='ocr_par' dir='ltr' id='par_1_7' title="bbox 129 3442 1280 3568">
     <span class='ocr_line' id='line_1_33' title="bbox 129 3442 1280 3568; baseline 0.003 -71"><span class='ocrx_word' id='word_1_291' title='bbox 129 3477 145 3530; x_wconf 43' lang='grc' dir='ltr'><strong>,ς</strong></span> <span class='ocrx_word' id='word_1_292' title='bbox 168 3468 224 3568; x_wconf 49' lang='lat'><strong>3</strong></span> <span class='ocrx_word' id='word_1_293' title='bbox 1095 3442 1280 3501; x_wconf 89' lang='lat' dir='ltr'>LVII.</span> 
     </span>
    </p>
   </div>
   <div class='ocr_carea' id='block_1_5' title="bbox 150 3535 2161 3735">
    <p class='ocr_par' dir='ltr' id='par_1_8' title="bbox 150 3535 2161 3735">
     <span class='ocr_line' id='line_1_34' title="bbox 150 3535 2161 3633; baseline 0.009 -34"><span class='ocrx_word' id='word_1_294' title='bbox 150 3535 188 3599; x_wconf 52' lang='lat'><strong>⁵1</strong></span> <span class='ocrx_word' id='word_1_295' title='bbox 277 3554 406 3596; x_wconf 78' lang='lat' dir='ltr'><strong>war</strong></span> <span class='ocrx_word' id='word_1_296' title='bbox 451 3556 633 3607; x_wconf 74' lang='lat' dir='ltr'><strong>against</strong></span> <span class='ocrx_word' id='word_1_297' title='bbox 752 3550 1003 3611; x_wconf 89' lang='lat' dir='ltr'><strong>Ardeam</strong></span> <span class='ocrx_word' id='word_1_298' title='bbox 1031 3554 1238 3612; x_wconf 85' lang='lat' dir='ltr'><strong>Rutuli</strong></span> <span class='ocrx_word' id='word_1_299' title='bbox 1265 3554 1571 3627; x_wconf 87' lang='lat' dir='ltr'><strong>habebant,</strong></span> <span class='ocrx_word' id='word_1_300' title='bbox 1601 3574 1759 3633; x_wconf 88' lang='lat' dir='ltr'><strong>gens,</strong></span> <span class='ocrx_word' id='word_1_301' title='bbox 1789 3562 1857 3615; x_wconf 85' lang='lat' dir='ltr'><strong>ut</strong></span> <span class='ocrx_word' id='word_1_302' title='bbox 1883 3557 1945 3614; x_wconf 91' lang='grc'><strong>111</strong></span> <span class='ocrx_word' id='word_1_303' title='bbox 1980 3576 2047 3616; x_wconf 89' lang='lat' dir='ltr'><strong>ea</strong></span> <span class='ocrx_word' id='word_1_304' title='bbox 2071 3578 2161 3617; x_wconf 88' lang='lat' dir='ltr'><strong>re·</strong></span> 
     </span>
     <span class='ocr_line' id='line_1_35' title="bbox 226 3619 2157 3735; baseline 0.01 -40"><span class='ocrx_word' id='word_1_305' title='bbox 226 3619 445 3734; x_wconf 38' lang='lat'><strong>{2232}</strong></span> <span class='ocrx_word' id='word_1_306' title='bbox 455 3621 633 3735; x_wconf 46' lang='grc' dir='ltr'><strong>ἓξὲξ,</strong></span> <span class='ocrx_word' id='word_1_307' title='bbox 671 3644 842 3719; x_wconf 89' lang='lat' dir='ltr'><strong>gione</strong></span> <span class='ocrx_word' id='word_1_308' title='bbox 883 3653 1054 3723; x_wconf 74' lang='lat' dir='ltr'><strong>atque</strong></span> <span class='ocrx_word' id='word_1_309' title='bbox 1093 3650 1156 3705; x_wconf 81' lang='grc'><strong>111</strong></span> <span class='ocrx_word' id='word_1_310' title='bbox 1199 3670 1267 3708; x_wconf 84' lang='lat' dir='ltr'><strong>ea</strong></span> <span class='ocrx_word' id='word_1_311' title='bbox 1307 3656 1492 3720; x_wconf 77' lang='lat' dir='ltr'><strong>aetate,</strong></span> <span class='ocrx_word' id='word_1_312' title='bbox 1524 3650 1742 3710; x_wconf 88' lang='lat' dir='ltr'><strong>divitiis</strong></span> <span class='ocrx_word' id='word_1_313' title='bbox 1774 3652 2157 3731; x_wconf 79' lang='lat' dir='ltr'><strong>praepollens:</strong></span> 
     </span>
    </p>
   </div>
   <div class='ocr_carea' id='block_1_6' title="bbox 228 3741 2157 3823">
    <p class='ocr_par' dir='ltr' id='par_1_9' title="bbox 228 3741 2157 3823">
     <span class='ocr_line' id='line_1_36' title="bbox 228 3741 2157 3823; baseline 0.007 -30"><span class='ocrx_word' id='word_1_314' title='bbox 228 3753 348 3793; x_wconf 73' lang='lat' dir='ltr'><strong>their</strong></span> <span class='ocrx_word' id='word_1_315' title='bbox 388 3754 567 3804; x_wconf 80' lang='lat' dir='ltr'><strong>capital.</strong></span> <span class='ocrx_word' id='word_1_316' title='bbox 584 3778 631 3786; x_wconf 88' lang='lat'>-</span> <span class='ocrx_word' id='word_1_317' title='bbox 673 3758 848 3815; x_wconf 87' lang='lat' dir='ltr'><strong>eaque</strong></span> <span class='ocrx_word' id='word_1_318' title='bbox 874 3741 1001 3817; x_wconf 89' lang='lat' dir='ltr'><strong>ipsa</strong></span> <span class='ocrx_word' id='word_1_319' title='bbox 1032 3763 1200 3801; x_wconf 88' lang='lat' dir='ltr'><strong>causa</strong></span> <span class='ocrx_word' id='word_1_320' title='bbox 1224 3744 1361 3803; x_wconf 93' lang='lat' dir='ltr'><strong>belli</strong></span> <span class='ocrx_word' id='word_1_321' title='bbox 1388 3744 1519 3817; x_wconf 87' lang='lat' dir='ltr'><strong>fuit,</strong></span> <span class='ocrx_word' id='word_1_322' title='bbox 1546 3746 1703 3823; x_wconf 88' lang='lat' dir='ltr'><strong>quod</strong></span> <span class='ocrx_word' id='word_1_323' title='bbox 1730 3767 1828 3805; x_wconf 86' lang='lat' dir='ltr'><strong>rex</strong></span> <span class='ocrx_word' id='word_1_324' title='bbox 1854 3748 2157 3807; x_wconf 85' lang='lat' dir='ltr'><strong>Romanus</strong></span> 
     </span>
    </p>
   </div>
   <div class='ocr_carea' id='block_1_7' title="bbox 2448 2220 2452 3653">
    <p class='ocr_par' dir='ltr' id='par_1_10' title="bbox 2448 2220 2452 3653">
     <span class='ocr_line' id='line_1_37' title="bbox 2448 2220 2452 3653; baseline 0 0"><span class='ocrx_word' id='word_1_325' title='bbox 2448 2220 2452 3653; x_wconf 95' lang='lat' dir='ltr'><strong> </strong></span> 
     </span>
    </p>
   </div>
  </div>
 </body>
</html>
