2459 3967
347 212 388 280 ’ἴ
389 214 434 276 4
1166 230 1283 269 τιτι
1325 230 1450 269 uvr
2058 204 2211 285 [Lm.
2236 210 2284 269 L

345 372 615 433 Totidem
663 372 934 432 centuriae
985 379 1044 431 et
1090 372 1235 444 haec,
1272 371 1590 450 eodemque
1640 370 1969 431 discrimine
2018 371 2283 430 aetatium

345 471 548 543 factae3
605 490 710 529 nec
758 470 831 528 de
885 470 1058 528 armis
1107 470 1415 548 quicquam
1469 476 1775 541 mutatum,
1820 488 2000 527 ocreae
2049 476 2282 527 tantum

345 567 646 645 ademptae.
731 566 800 624 In
829 573 1031 645 quarta
1063 566 1239 624 classe
1272 585 1475 624 census
1509 567 1764 644 quinque
1798 574 1858 624 et
1891 567 2099 645 viginti
2133 566 2282 623 mili-

345 682 462 735 um,
493 664 740 721 totidem
782 662 1054 721 centuriae
1089 663 1277 721 factae.
1363 662 1547 720 Arma
1584 670 1839 721 mutata:
1882 662 2025 721 nihil
2069 670 2283 741 praeter
2446 732 2448 739 Ι

343 761 567 819 hastam
610 769 669 819 et
701 768 964 820 verutum
997 760 1214 818 datum.
1300 758 1519 828 Quinta
1557 760 1751 818 classis
1790 766 1972 833 aucta,
2002 761 2276 819 centuriae
2296 769 2375 821 20
2446 752 2448 823 Ξ

345 858 582 935 triginta
613 859 800 916 factae.
887 856 1116 915 Fundas
1150 856 1483 933 lapidesque
1522 856 1767 915 missiles
1799 857 1862 914 hi
1896 876 2089 915 secum
2122 876 2280 934 gere-

343 955 498 1014 bant.
585 955 653 1012 In
694 956 786 1012 his
827 954 1065 1025 accensi,
1097 954 1429 1025 cornicines,
1454 953 1868 1031 tubicinesque,
1900 954 1961 1011 in
1993 960 2109 1012 tres
2150 974 2280 1012 cen-
2442 874 2451 1124 ι

343 1053 521 1110 turias
549 1051 858 1110 distributi.
944 1050 1235 1109 Undecim
1269 1049 1505 1108 milibus
1536 1049 1662 1107 haec
1695 1050 1889 1107 classis
1922 1049 2273 1109 censebatur.

342 1148 475 1207 Hoc
502 1150 693 1207 minor
720 1167 920 1206 census
947 1146 1226 1224 reliquam
1254 1146 1689 1205 multitudinem
1715 1146 1953 1205 habuit:
1997 1147 2133 1205 inde
2160 1167 2279 1205 una

343 1246 599 1303 centuria
624 1245 779 1301 facta
806 1251 893 1301 est
913 1244 1187 1301 immunis
1214 1243 1435 1301 militia.
1514 1243 1605 1300 Ita
1630 1244 1883 1321 pedestri
1910 1244 2161 1303 exercitu
2188 1263 2278 1301 or·
2296 1252 2374 1303 25

341 1348 480 1397 nato
513 1339 950 1416 distributoque,
983 1339 1243 1416 equitum
1284 1357 1353 1395 ex
1394 1338 1741 1416 primoribus
1781 1339 2029 1396 civitatis
2063 1336 2278 1397 duode-

342 1437 455 1494 cim
498 1436 724 1513 scripsit
763 1436 1062 1493 centuriaS.
1148 1435 1260 1493 Sex
1294 1435 1435 1492 item
1476 1435 1615 1493 alias
1656 1436 1955 1508 centuriae,
1986 1434 2169 1493 tribus
2200 1435 2277 1493 ab
2446 1453 2453 1711 s

341 1532 590 1590 Romulo
618 1532 915 1604 institutis,
947 1531 1052 1589 sub
1081 1531 1304 1603 iisdem,
1338 1530 1545 1609 quibus
1576 1531 1933 1609 inauguratae
1968 1540 2145 1605 erant,
2176 1552 2277 1591 no-

339 1628 592 1687 minibus
625 1629 780 1687 fecit.
864 1627 963 1686 Ad
997 1647 1174 1705 equos
1216 1627 1491 1685 emendos
1524 1628 1674 1685 dena
1703 1628 1866 1685 milia
1900 1630 2028 1686 aeris
2069 1648 2139 1686 ex
2172 1649 2278 1707 pu-

340 1725 491 1784 blico
525 1726 691 1798 data;
737 1732 810 1797 et,
843 1725 1052 1804 quibus
1093 1744 1273 1803 equos
1313 1724 1545 1796 alerent,
1577 1724 1765 1782 viduae
1800 1724 2109 1797 attributae,
2144 1745 2273 1802 quae
2294 1735 2373 1787 30
2450 1780 2452 1827 ¹

340 1823 477 1882 bina
508 1823 669 1881 milia
703 1823 831 1881 aeris
864 1822 925 1879 in
959 1826 1140 1879 annos
1183 1821 1441 1898 singulos
1474 1821 1806 1898 penderent.
1890 1821 2039 1880 Haec
2080 1824 2277 1881 omnia

340 1921 400 1978 in
443 1921 591 1979 dites
629 1939 664 1977 a
705 1919 1054 1998 pauperibus
1096 1917 1371 1975 inclinata
1411 1936 1597 1975 onera.
1681 1918 1909 1977 Deinde
1958 1926 2045 1977 est
2086 1919 2277 1977 honos

341 2018 603 2076 additus:
647 2036 764 2074 non
807 1999 978 2087 enim,
1009 2021 1078 2072 ut
1117 2013 1190 2072 ab
1223 2013 1476 2072 Romulo
1508 2014 1787 2072 traditum
1820 2016 1994 2073 ceteri
2027 2034 2279 2074 servave-

339 2120 469 2171 rant
495 2132 672 2190 reges,
704 2114 920 2171 viritim
955 2111 1295 2188 suffragium
1325 2111 1524 2169 eadem
1553 2111 1611 2167 vi
1644 2110 1961 2188 eodemque
1994 2111 2119 2189 jure
2146 2116 2279 2189 pro2

339 2210 516 2266 misce
544 2208 812 2267 omnibus
840 2210 1040 2266 datum
1069 2214 1189 2280 est;
1234 2208 1336 2265 sed
1363 2208 1574 2285 gradus
1600 2208 1758 2279 facti,
1781 2214 1849 2265 ut
1875 2227 2062 2287 neque
2090 2208 2373 2270 circla-35

340 2324 436 2362 sus
465 2303 768 2381 quisquam
797 2304 1070 2382 suffragio
1099 2303 1406 2375 videretur,
1438 2309 1497 2361 et
1524 2304 1611 2361 vis
1646 2303 1834 2361 omnis
1861 2323 2037 2381 penes
2062 2304 2280 2381 primo-
2452 2298 2454 2303 ’

339 2420 428 2459 res
469 2399 717 2457 civitatis
759 2407 920 2457 esset.
1006 2398 1246 2477 Equites
1288 2400 1442 2457 enim
1483 2400 1833 2458 vocabantur
1872 2400 2074 2477 primi3
2118 2407 2278 2459 octo·
2444 2374 2455 2475 i

2452 1977 2454 2041 ¹

338 2498 502 2575 ginta
528 2497 663 2554 inde
690 2497 891 2573 primae
921 2496 1114 2555 classis
1141 2498 1431 2555 centuriae.
1496 2496 1585 2554 Ibi
1616 2498 1664 2555 si
1684 2498 1941 2570 variaret,
1961 2497 2116 2575 quod
2144 2518 2274 2557 raro

337 2592 642 2662 incidebat,
674 2598 740 2649 ut
773 2591 1036 2649 secundae
1071 2593 1262 2649 classis
1294 2599 1661 2665 vocarentur3
1704 2612 1809 2651 nec
1841 2594 1962 2651 fere
1996 2614 2272 2673 umquam

336 2690 490 2748 infra
516 2690 598 2747 ita
626 2688 1056 2761 descenderunt,
1087 2695 1154 2747 ut
1183 2689 1256 2746 ad
1286 2689 1516 2746 infimos
1548 2670 1981 2777 pervenirent.)
2013 2691 2135 2749 Nec
2169 2693 2276 2749 mi·
2290 2700 2377 2755 40
2445 2658 2455 2785 Ι

337 2787 447 2845 rari
477 2792 706 2863 oportet
734 2785 888 2843 hunc
918 2786 1195 2857 ordinem,
1223 2786 1325 2863 qui
1351 2805 1505 2843 nunc
1534 2793 1636 2858 est,
1668 2793 1802 2864 post
1830 2788 2083 2865 expletas
2112 2790 2277 2866 quin-

339 2904 449 2963 que
479 2890 536 2942 et
563 2884 804 2961 triginta
830 2882 1030 2954 tribuS,
1057 2882 1352 2959 duplicato
1384 2901 1577 2939 earum
1606 2901 1863 2955 numer0‚
1888 2886 2159 2942 centuriis
2185 2885 2276 2963 ju-
2451 2856 2454 2931 ἶ

337 2981 566 3039 n‘rorum
588 2981 1004 3057 seniorumque,
1021 2978 1095 3036 ad
1115 2979 1441 3037 institutam
1463 2977 1535 3035 ab
1556 2976 1753 3037 Servio
1774 2979 1965 3038 Tullio
1986 3000 2273 3040 summam
2450 2972 2455 3037 4

336 3099 455 3138 non
498 3078 816 3137 convenire.
902 3075 1332 3145 Quadrifariam
1367 3076 1521 3133 enim
1555 3075 1694 3134 urbe
1728 3076 1911 3135 divisa
1941 3078 2274 3154 regionibus

338 3176 707 3253 collibusque,
739 3193 868 3253 quae
902 3171 1312 3230 habitabantur
1351 3178 1559 3250 partes,
1592 3192 1686 3230 eas
1718 3173 1901 3231 tribus
1942 3176 2270 3251 appellavit,
2288 3182 2374 3237 45

340 3279 404 3329 ut
445 3291 553 3349 ego
596 3272 840 3328 arbitror
881 3289 915 3326 a
947 3269 1201 3341 tribut03
1246 3288 1381 3326 nam
1427 3269 1552 3347 ejus
1594 3288 1823 3347 quoque
1866 3271 2164 3348 aequaliter
2201 3272 2275 3331 ex

340 3386 512 3424 censu
546 3365 879 3423 conferendi
919 3364 990 3422 ab
1024 3366 1227 3424 eodem
1262 3367 1408 3424 inita
1444 3367 1591 3425 ratio
1630 3374 1731 3425 est.
1758 3351 1793 3465 ξς
1817 3368 2019 3445 Neque
2058 3388 2142 3427 eae
2176 3372 2274 3428 tri-

339 3460 448 3518 bus
489 3459 562 3517 ad
595 3460 978 3519 centuriarum
1012 3460 1478 3520 distributionem
1511 3480 1927 3540 numerumque
1961 3464 2273 3544 quicquam

341 3554 680 3632 pertinuere.
