2459 3967
215 241 381 307 cst.
407 237 666 318 XXIV.]
873 258 950 297 AB
993 259 1149 299 unna·
1193 178 1458 299 couniri«
1501 259 1703 327 mnan
2041 240 2166 303 185

1612 320 1675 339 r

231 414 350 455 with
393 413 566 455 Gaul.
589 437 641 445 —
682 401 888 458 nendae
929 401 1180 478 regionis
1218 401 1354 459 data
1397 408 1457 461 et
1487 401 1646 460 mille
1683 402 1919 480 equites,
2004 400 2171 459 Post-

231 482 382 588 ἓῐὴζξζ
393 480 638 598 ἑὲἲέξῐᾜ
682 516 852 575 quam
881 517 984 575 per
1016 498 1364 575 Pyrenaeum
1398 498 1604 557 saltum
1638 499 1861 558 traduci
1890 499 2169 558 exercitus

231 619 340 657 turn
354 614 486 665 back,
502 614 640 666 being
681 601 768 651 est
810 601 1050 671 coeptus,
1093 612 1401 673 rumorque
1448 615 1551 673 per
1596 594 1869 654 barbaros
1914 596 2169 653 manavit

231 680 536 800 ῗὲῖῦῖἓὶῗιίᾱ
547 680 640 789 ⁸¹¹³}
681 690 889 749 certior
921 690 993 749 de
1024 689 1177 749 bello
1210 690 1495 764 RomanO,
1524 692 1635 749 tria
1669 692 1832 750 milia
1867 693 2003 751 inde
2036 692 2169 751 Car·
2188 698 2261 751 15

229 815 452 866 difficulty
485 814 538 855 or
561 815 640 856 the
681 793 1022 863 petanorum
1055 786 1321 863 peditum
1358 787 1471 845 iter
1504 794 1845 847 averterunt.
1930 788 2169 849 Consta-

230 880 454 923 intended
464 881 634 923 march.
679 882 780 941 bat
809 902 928 941 non
969 889 1092 941 tam
1125 882 1275 941 bello
1316 890 1509 942 motos
1543 903 1715 961 quam
1748 884 2169 963 longinquitate

228 948 377 1058 {und}
387 947 638 1057 ζοῗιὲῖζὲ
679 979 787 1037 viae
821 978 1307 1057 insuperabilique
1333 980 1572 1057 Alpium
1603 980 1863 1040 transitu.
1948 982 2169 1041 Hanni-

231 1092 372 1125 seven
404 1081 636 1123 thousand
676 1074 788 1147 bal,
820 1076 955 1153 quia
994 1094 1259 1134 revocare
1304 1083 1407 1135 aut
1443 1077 1501 1134 vi
1544 1076 1787 1135 retinere
1824 1096 1923 1137 eos
1958 1097 2166 1157 anceps

230 1149 502 1269 ἒὲὃξζῐέὲξ
518 1148 550 1189 ¹²
569 1157 594 1189 ⁶
615 1160 638 1189 ¹
678 1177 817 1244 erat,
847 1168 920 1230 ne
953 1179 1273 1232 ceterorum
1307 1173 1483 1231 etiam
1513 1173 1735 1231 feroces
1776 1174 1955 1231 animi
1986 1175 2167 1233 irrita-
2184 1177 2261 1230 20

614 1297 632 1365 j
681 1275 893 1341 rentur,
929 1288 1102 1347 supra
1139 1276 1363 1347 septem
1409 1269 1573 1328 milia
1616 1270 1920 1329 hominum
1962 1272 2168 1331 domos

175 1410 184 1424 .
231 1365 468 1438 remisit,
516 1380 662 1460 qups
717 1372 776 1423 et
819 1365 942 1444 ipse
989 1366 1213 1443 gravari
1261 1366 1471 1426 militia
1516 1374 1783 1441 senserat,
1814 1367 2167 1449 Carpetanos

233 1481 463 1541 quoque
496 1462 569 1521 ab
583 1468 662 1575 ,ᾧ
695 1462 964 1561 dimissos
995 1462 1287 1523 simulans,

223 1555 391 1727 VC(
483 1563 600 1687 ὁ(
732 1566 800 1643 ¹⁷¹
1083 1640 1298 1702 XXIV
1708 1535 1755 1607 st
2018 1611 2023 1617 ’
2234 1599 2277 1650 Γ

280 1816 328 1858 n
347 1826 374 1859 a
391 1826 422 1857 n
440 1826 471 1857 n
489 1816 507 1857 ἰ
523 1816 556 1859 b
574 1816 636 1859 ⁸¹
761 1754 922 1829 Inde,
945 1774 1018 1815 ne
1045 1774 1208 1815 mora
1235 1762 1407 1834 atque
1434 1758 1618 1815 otium
1646 1757 1871 1817 animos
1904 1758 2167 1817 sollicita-

227 1892 410 1926 m,
427 1884 506 1925 the
524 1883 636 1935 pyr,
676 1857 782 1924 ret,
805 1871 938 1911 cum
967 1852 1204 1930 reliquis
1236 1853 1419 1930 copiis
1451 1854 1798 1930 Pyrenaeum
1825 1854 2167 1932 transgredi-

229 1960 384 1993 enees.
415 1974 468 1983 -
501 1950 637 1993 some
677 1954 788 2034 tur,
806 1955 866 2007 et
892 1948 968 2007 ad
995 1948 1279 2026 oppidum
1308 1948 1531 2007 Iliberri
1559 1956 1743 2007 castra
1768 1949 1936 2008 locat.
1994 1950 2163 2023 Galli,

228 2016 385 2127 {³533
411 2017 526 2125 (3,,Ξέ
544 2017 634 2137 Ῑὲζ
675 2063 1024 2123 quamquam
1051 2044 1237 2103 Italiae
1263 2044 1478 2103 bellum
1505 2045 1707 2103 inferri
1735 2045 2059 2119 audiebant,
2083 2053 2167 2105 ta-

229 2162 356 2193 arms
381 2153 430 2193 to
461 2162 635 2203 oppone
675 2160 827 2213 men,
864 2142 1000 2219 quia
1039 2142 1098 2199 vi
1139 2141 1406 2201 subactos
1445 2147 1604 2200 trans
1642 2142 1989 2219 Pyrenaeum
2032 2143 2166 2201 His·
2224 2145 2259 2197 5

227 2218 637 2330 ξῗῗδῖῃὲιξξῦἱῗῖ
675 2256 858 2315 panos
889 2238 1047 2297 fama
1079 2244 1198 2297 erat
1232 2238 1613 2317 praesidiaque
1648 2239 1833 2297 valida
1872 2239 2161 2318 imposita,

226 2352 638 2397 -Buttheirlead-
675 2342 836 2394 metu
869 2336 1158 2395 servitutis
1195 2336 1271 2393 ad
1304 2354 1463 2393 arma
1494 2337 1857 2410 consternati,
1888 2337 2166 2396 Ruscino-

226 2431 513 2540 {3⁸30ngss
524 2432 634 2530 ⁰:13
673 2450 808 2489 nem
861 2431 1083 2510 aliquot
1128 2432 1331 2510 populi
1384 2433 1749 2493 conveniunt.
1835 2433 2008 2504 Quod
2062 2434 2164 2492 ubi

226 2556 290 2598 he
309 2556 352 2598 1„
371 2518 566 2599 2110de
585 2558 635 2598 to
675 2527 990 2587 Hannibali
1021 2528 1354 2587 nuntiatum
1388 2536 1491 2602 est,
1521 2549 1741 2588 moram
1775 2531 1960 2609 magis
1990 2550 2161 2609 quam

227 2634 338 2677 ΡΜ
355 2634 418 2666 0¹1
435 2624 633 2667 without
671 2623 886 2683 bellum
941 2631 1220 2697 metuens,
1254 2632 1504 2685 oratores
1558 2626 1633 2685 ad
1679 2628 1907 2706 regulos
1962 2647 2160 2686 eorum
2182 2631 2257 2685 10

227 2690 634 2801 ᾗῇωοιθῃὼ
671 2721 846 2794 misit,
877 2721 1128 2799 colloqui
1169 2729 1352 2780 semet
1388 2722 1582 2800 ipsum
1622 2743 1754 2781 cum
1795 2725 1867 2782 iis
1907 2724 2066 2797 velle,
2104 2731 2163 2781 et

676 2818 766 2877 vel
819 2816 905 2877 illi
951 2818 1190 2897 propius
1238 2818 1521 2877 Iliberrim
1576 2820 1923 2892 accederent,
1962 2820 2051 2878 vel
2100 2840 2160 2877 se

227 2914 618 2975 Ruscinonem
653 2934 1068 2993 processurum,
1091 2922 1159 2974 ut
1192 2936 1263 2974 ex
1296 2915 1623 2994 propinquo
1656 2934 1992 2993 congressus
2023 2916 2161 2973 faci-

225 3013 337 3073 lior
369 3019 558 3072 esset:
601 3032 736 3070 nam
769 3020 830 3073 et
861 3020 1228 3091 accepturum
1264 3032 1362 3073 eos
1394 3011 1455 3069 in
1494 3018 1676 3069 castra
1712 3031 1814 3069 sua
1846 3032 1905 3069 se
1938 3011 2155 3084 laetum,

223 3130 330 3169 nec
360 3116 696 3169 cunctanter
722 3130 781 3168 se
807 3110 1000 3187 ipsum
1027 3110 1104 3167 ad
1130 3129 1230 3168 eos
1257 3115 1578 3168 venturum.
1663 3108 1974 3185 Hospitem
2002 3108 2156 3166 enim
2178 3116 2253 3168 15

223 3228 284 3267 se
325 3207 548 3280 Galliae,
578 3226 698 3264 non
737 3206 982 3278 hostem,
1013 3207 1325 3278 advenisse,
1354 3225 1459 3265 nec
1502 3206 1830 3265 stricturum
1874 3211 2006 3262 ante
2041 3204 2158 3283 gla—

223 3305 405 3377 dium,
445 3305 496 3363 si
536 3323 642 3382 per
679 3303 876 3362 Gallos
923 3304 1107 3376 liceat,
1139 3322 1313 3381 quam
1361 3304 1423 3361 in
1465 3303 1692 3362 Italiam
1733 3302 1995 3361 venisset.
2078 3302 2157 3363 Et

221 3422 324 3481 per
356 3402 596 3460 nuntios
631 3401 865 3479 quidem
896 3401 1040 3459 haec.
1122 3400 1212 3459 Ut
1242 3419 1375 3458 vero
1407 3400 1591 3479 reguli
1622 3400 1935 3472 Gallorum,
1958 3401 2157 3460 castris

220 3500 294 3557 ad
319 3498 609 3557 Iliberrim
638 3496 929 3575 extemplo
954 3496 1148 3568 motis,
1170 3496 1330 3554 haud
1356 3504 1657 3575 gravanter
1688 3497 1763 3555 ad
1789 3496 2041 3555 Poenum
2067 3516 2158 3554 ve-

217 3602 447 3668 nerunt,
471 3594 628 3673 capti
655 3594 824 3652 donis
856 3614 989 3652 cum
1015 3592 1171 3652 bona
1196 3612 1337 3669 pace
1370 3592 1682 3650 exercitum
1715 3613 1819 3670 per
1844 3592 1989 3651 fines
2022 3611 2155 3649 suos
2174 3595 2250 3647 20

217 3700 430 3771 praeter
461 3691 854 3750 Ruscinonem
896 3689 1176 3768 oppidum
1219 3687 1671 3747 transmiserunt.
