<?xml version="1.0" encoding="UTF-8"?>
<!DOCTYPE html PUBLIC "-//W3C//DTD XHTML 1.0 Transitional//EN"
    "http://www.w3.org/TR/xhtml1/DTD/xhtml1-transitional.dtd">
<html xmlns="http://www.w3.org/1999/xhtml" xml:lang="en" lang="en">
 <head>
  <title>
</title>
<meta http-equiv="Content-Type" content="text/html;charset=utf-8" />
  <meta name='ocr-system' content='tesseract 3.04.00' />
  <meta name='ocr-capabilities' content='ocr_page ocr_carea ocr_par ocr_line ocrx_word'/>
</head>
<body>
  <div class='ocr_page' id='page_1' title='image "./titiliviaburbec10livygoog_0117.png"; bbox 0 0 2459 3967; ppageno 0'>
   <div class='ocr_carea' id='block_1_1' title="bbox 231 184 2163 263">
    <p class='ocr_par' dir='ltr' id='par_1_1' title="bbox 231 184 2163 263">
     <span class='ocr_line' id='line_1_1' title="bbox 231 184 2163 263; baseline 0.004 -20"><span class='ocrx_word' id='word_1_1' title='bbox 231 184 650 263; x_wconf 55' lang='lat' dir='ltr'>CARXVHI]</span> <span class='ocrx_word' id='word_1_2' title='bbox 820 204 894 241; x_wconf 80' lang='lat' dir='ltr'><strong>AB</strong></span> <span class='ocrx_word' id='word_1_3' title='bbox 941 204 1094 241; x_wconf 79' lang='lat' dir='ltr'><strong>URBE</strong></span> <span class='ocrx_word' id='word_1_4' title='bbox 1139 204 1401 244; x_wconf 66' lang='lat' dir='ltr'><strong>cortun-A</strong></span> <span class='ocrx_word' id='word_1_5' title='bbox 1443 206 1617 246; x_wconf 79' lang='lat' dir='ltr'><strong>me.</strong></span> <span class='ocrx_word' id='word_1_6' title='bbox 2041 188 2163 250; x_wconf 88' lang='lat'><strong>111</strong></span> 
     </span>
    </p>
   </div>
   <div class='ocr_carea' id='block_1_2' title="bbox 227 344 2264 1401">
    <p class='ocr_par' dir='ltr' id='par_1_2' title="bbox 227 344 2264 1401">
     <span class='ocr_line' id='line_1_2' title="bbox 229 344 2261 423; baseline 0.003 -20"><span class='ocrx_word' id='word_1_7' title='bbox 229 346 365 404; x_wconf 90' lang='lat' dir='ltr'><strong>inde</strong></span> <span class='ocrx_word' id='word_1_8' title='bbox 414 346 561 403; x_wconf 86' lang='lat' dir='ltr'><strong>male</strong></span> <span class='ocrx_word' id='word_1_9' title='bbox 605 351 768 423; x_wconf 88' lang='lat' dir='ltr'><strong>gesta</strong></span> <span class='ocrx_word' id='word_1_10' title='bbox 815 365 874 403; x_wconf 88' lang='lat' dir='ltr'><strong>re</strong></span> <span class='ocrx_word' id='word_1_11' title='bbox 918 344 1205 418; x_wconf 83' lang='lat' dir='ltr'><strong>reditum3</strong></span> <span class='ocrx_word' id='word_1_12' title='bbox 1249 346 1400 405; x_wconf 91' lang='lat' dir='ltr'><strong>inter</strong></span> <span class='ocrx_word' id='word_1_13' title='bbox 1442 347 1657 405; x_wconf 85' lang='lat' dir='ltr'><strong>multos</strong></span> <span class='ocrx_word' id='word_1_14' title='bbox 1702 347 1923 405; x_wconf 86' lang='lat' dir='ltr'><strong>saucios</strong></span> <span class='ocrx_word' id='word_1_15' title='bbox 1969 348 2167 406; x_wconf 90' lang='lat' dir='ltr'><strong>consul</strong></span> <span class='ocrx_word' id='word_1_16' title='bbox 2188 354 2261 409; x_wconf 80' lang='lat'><strong>10</strong></span> 
     </span>
     <span class='ocr_line' id='line_1_3' title="bbox 230 442 2167 525; baseline 0.002 -24"><span class='ocrx_word' id='word_1_17' title='bbox 230 454 331 521; x_wconf 87' lang='lat' dir='ltr'><strong>spe</strong></span> <span class='ocrx_word' id='word_1_18' title='bbox 387 444 606 502; x_wconf 86' lang='lat' dir='ltr'><strong>incerta</strong></span> <span class='ocrx_word' id='word_1_19' title='bbox 633 443 767 500; x_wconf 79' lang='lat' dir='ltr'><strong>vitae</strong></span> <span class='ocrx_word' id='word_1_20' title='bbox 817 442 1042 501; x_wconf 88' lang='lat' dir='ltr'><strong>relatus.</strong></span> <span class='ocrx_word' id='word_1_21' title='bbox 1129 442 1441 520; x_wconf 86' lang='lat' dir='ltr'><strong>Interjecto</strong></span> <span class='ocrx_word' id='word_1_22' title='bbox 1491 445 1699 503; x_wconf 87' lang='lat' dir='ltr'><strong>deinde</strong></span> <span class='ocrx_word' id='word_1_23' title='bbox 1748 444 1905 503; x_wconf 86' lang='lat' dir='ltr'><strong>haud</strong></span> <span class='ocrx_word' id='word_1_24' title='bbox 1954 466 2167 525; x_wconf 86' lang='lat' dir='ltr'><strong>magno</strong></span> 
     </span>
     <span class='ocr_line' id='line_1_4' title="bbox 229 539 2168 620; baseline 0.002 -21"><span class='ocrx_word' id='word_1_25' title='bbox 229 541 438 618; x_wconf 87' lang='lat' dir='ltr'><strong>spati0,</strong></span> <span class='ocrx_word' id='word_1_26' title='bbox 485 540 645 617; x_wconf 91' lang='lat' dir='ltr'><strong>quod</strong></span> <span class='ocrx_word' id='word_1_27' title='bbox 700 539 1028 597; x_wconf 87' lang='lat' dir='ltr'><strong>vulneribus</strong></span> <span class='ocrx_word' id='word_1_28' title='bbox 1083 540 1348 598; x_wconf 73' lang='lat' dir='ltr'>curandis</span> <span class='ocrx_word' id='word_1_29' title='bbox 1403 542 1837 620; x_wconf 83' lang='lat' dir='ltr'>supplendoque</span> <span class='ocrx_word' id='word_1_30' title='bbox 1894 546 2168 604; x_wconf 83' lang='lat' dir='ltr'><strong>exercitui</strong></span> 
     </span>
     <span class='ocr_line' id='line_1_5' title="bbox 230 636 2169 714; baseline 0.003 -19"><span class='ocrx_word' id='word_1_31' title='bbox 230 638 370 695; x_wconf 89' lang='lat' dir='ltr'><strong>satis</strong></span> <span class='ocrx_word' id='word_1_32' title='bbox 411 644 576 709; x_wconf 87' lang='lat' dir='ltr'><strong>esset,</strong></span> <span class='ocrx_word' id='word_1_33' title='bbox 611 656 742 694; x_wconf 92' lang='lat' dir='ltr'><strong>cum</strong></span> <span class='ocrx_word' id='word_1_34' title='bbox 783 637 870 695; x_wconf 89' lang='lat' dir='ltr'><strong>ira</strong></span> <span class='ocrx_word' id='word_1_35' title='bbox 908 636 1126 714; x_wconf 83' lang='lat' dir='ltr'><strong>majore</strong></span> <span class='ocrx_word' id='word_1_36' title='bbox 1167 638 1304 696; x_wconf 89' lang='lat' dir='ltr'><strong>belli</strong></span> <span class='ocrx_word' id='word_1_37' title='bbox 1344 645 1471 696; x_wconf 90' lang='lat' dir='ltr'><strong>tum</strong></span> <span class='ocrx_word' id='word_1_38' title='bbox 1512 639 1727 697; x_wconf 86' lang='lat' dir='ltr'><strong>viribus</strong></span> <span class='ocrx_word' id='word_1_39' title='bbox 1770 641 1945 699; x_wconf 89' lang='lat' dir='ltr'><strong>etiam</strong></span> <span class='ocrx_word' id='word_1_40' title='bbox 1988 644 2169 701; x_wconf 89' lang='lat' dir='ltr'><strong>auctis</strong></span> 
     </span>
     <span class='ocr_line' id='line_1_6' title="bbox 227 735 2169 819; baseline 0.002 -24"><span class='ocrx_word' id='word_1_41' title='bbox 227 737 514 795; x_wconf 76' lang='lat' dir='ltr'><strong>Pometiae</strong></span> <span class='ocrx_word' id='word_1_42' title='bbox 549 754 710 793; x_wconf 89' lang='lat' dir='ltr'><strong>arma</strong></span> <span class='ocrx_word' id='word_1_43' title='bbox 740 735 912 795; x_wconf 87' lang='lat' dir='ltr'><strong>illata.</strong></span> <span class='ocrx_word' id='word_1_44' title='bbox 997 737 1075 794; x_wconf 91' lang='lat' dir='ltr'><strong>Et</strong></span> <span class='ocrx_word' id='word_1_45' title='bbox 1109 756 1259 809; x_wconf 89' lang='lat' dir='ltr'><strong>cum,</strong></span> <span class='ocrx_word' id='word_1_46' title='bbox 1282 738 1465 796; x_wconf 87' lang='lat' dir='ltr'><strong>vineis</strong></span> <span class='ocrx_word' id='word_1_47' title='bbox 1496 740 1727 797; x_wconf 86' lang='lat' dir='ltr'><strong>refectis</strong></span> <span class='ocrx_word' id='word_1_48' title='bbox 1761 741 1983 819; x_wconf 88' lang='lat' dir='ltr'><strong>aliaque</strong></span> <span class='ocrx_word' id='word_1_49' title='bbox 2016 741 2169 799; x_wconf 91' lang='lat' dir='ltr'><strong>mole</strong></span> 
     </span>
     <span class='ocr_line' id='line_1_7' title="bbox 228 832 2264 910; baseline 0 -18"><span class='ocrx_word' id='word_1_50' title='bbox 228 833 382 904; x_wconf 90' lang='lat' dir='ltr'><strong>belli,</strong></span> <span class='ocrx_word' id='word_1_51' title='bbox 419 832 540 909; x_wconf 85' lang='lat' dir='ltr'><strong>jam</strong></span> <span class='ocrx_word' id='word_1_52' title='bbox 585 832 646 889; x_wconf 90' lang='lat' dir='ltr'><strong>in</strong></span> <span class='ocrx_word' id='word_1_53' title='bbox 692 852 761 891; x_wconf 93' lang='lat' dir='ltr'><strong>eo</strong></span> <span class='ocrx_word' id='word_1_54' title='bbox 806 838 970 905; x_wconf 86' lang='lat' dir='ltr'><strong>esset,</strong></span> <span class='ocrx_word' id='word_1_55' title='bbox 1002 840 1068 891; x_wconf 91' lang='lat' dir='ltr'><strong>ut</strong></span> <span class='ocrx_word' id='word_1_56' title='bbox 1103 834 1164 891; x_wconf 90' lang='lat' dir='ltr'><strong>in</strong></span> <span class='ocrx_word' id='word_1_57' title='bbox 1210 853 1407 893; x_wconf 86' lang='lat' dir='ltr'><strong>muros</strong></span> <span class='ocrx_word' id='word_1_58' title='bbox 1438 836 1703 895; x_wconf 88' lang='lat' dir='ltr'><strong>evaderet</strong></span> <span class='ocrx_word' id='word_1_59' title='bbox 1736 838 1917 910; x_wconf 85' lang='lat' dir='ltr'><strong>miles,</strong></span> <span class='ocrx_word' id='word_1_60' title='bbox 1949 838 2167 896; x_wconf 90' lang='lat' dir='ltr'><strong>deditio</strong></span> <span class='ocrx_word' id='word_1_61' title='bbox 2190 840 2264 892; x_wconf 82' lang='lat'><strong>15</strong></span> 
     </span>
     <span class='ocr_line' id='line_1_8' title="bbox 229 928 2167 1012; baseline 0.001 -22"><span class='ocrx_word' id='word_1_62' title='bbox 229 937 318 990; x_wconf 87' lang='lat' dir='ltr'><strong>est</strong></span> <span class='ocrx_word' id='word_1_63' title='bbox 350 930 522 987; x_wconf 84' lang='lat' dir='ltr'><strong>facta.</strong></span> <span class='ocrx_word' id='word_1_64' title='bbox 608 928 882 989; x_wconf 86' lang='lat' dir='ltr'><strong>Ceterum</strong></span> <span class='ocrx_word' id='word_1_65' title='bbox 923 930 1106 988; x_wconf 86' lang='lat' dir='ltr'>nihilo</span> <span class='ocrx_word' id='word_1_66' title='bbox 1148 930 1341 989; x_wconf 89' lang='lat' dir='ltr'><strong>minus</strong></span> <span class='ocrx_word' id='word_1_67' title='bbox 1373 932 1547 1005; x_wconf 83' lang='lat' dir='ltr'><strong>foede,</strong></span> <span class='ocrx_word' id='word_1_68' title='bbox 1579 933 1775 992; x_wconf 88' lang='lat' dir='ltr'><strong>dedita</strong></span> <span class='ocrx_word' id='word_1_69' title='bbox 1806 935 1963 1007; x_wconf 88' lang='lat' dir='ltr'><strong>urbe,</strong></span> <span class='ocrx_word' id='word_1_70' title='bbox 1996 954 2167 1012; x_wconf 90' lang='lat' dir='ltr'><strong>quam</strong></span> 
     </span>
     <span class='ocr_line' id='line_1_9' title="bbox 231 1026 2168 1109; baseline 0.001 -23"><span class='ocrx_word' id='word_1_71' title='bbox 231 1029 280 1087; x_wconf 86' lang='lat' dir='ltr'><strong>si</strong></span> <span class='ocrx_word' id='word_1_72' title='bbox 307 1034 478 1105; x_wconf 89' lang='lat' dir='ltr'><strong>capta</strong></span> <span class='ocrx_word' id='word_1_73' title='bbox 505 1027 676 1100; x_wconf 84' lang='lat' dir='ltr'><strong>foret,</strong></span> <span class='ocrx_word' id='word_1_74' title='bbox 701 1026 961 1086; x_wconf 85' lang='lat' dir='ltr'><strong>Aurunci</strong></span> <span class='ocrx_word' id='word_1_75' title='bbox 988 1029 1202 1106; x_wconf 87' lang='lat' dir='ltr'><strong>passim</strong></span> <span class='ocrx_word' id='word_1_76' title='bbox 1237 1029 1527 1109; x_wconf 81' lang='lat' dir='ltr'>principes</span> <span class='ocrx_word' id='word_1_77' title='bbox 1559 1032 1746 1089; x_wconf 87' lang='lat' dir='ltr'><strong>securi</strong></span> <span class='ocrx_word' id='word_1_78' title='bbox 1772 1032 2041 1109; x_wconf 82' lang='lat' dir='ltr'><strong>percussi,</strong></span> <span class='ocrx_word' id='word_1_79' title='bbox 2062 1031 2168 1089; x_wconf 87' lang='lat' dir='ltr'><strong>sub</strong></span> 
     </span>
     <span class='ocr_line' id='line_1_10' title="bbox 230 1125 2170 1207; baseline 0.003 -24"><span class='ocrx_word' id='word_1_80' title='bbox 230 1144 448 1184; x_wconf 86' lang='lat' dir='ltr'><strong>corona</strong></span> <span class='ocrx_word' id='word_1_81' title='bbox 471 1125 776 1183; x_wconf 84' lang='lat' dir='ltr'><strong>venierunt</strong></span> <span class='ocrx_word' id='word_1_82' title='bbox 803 1125 993 1184; x_wconf 90' lang='lat' dir='ltr'><strong>coloni</strong></span> <span class='ocrx_word' id='word_1_83' title='bbox 1026 1126 1162 1199; x_wconf 79' lang='lat' dir='ltr'><strong>alii3</strong></span> <span class='ocrx_word' id='word_1_84' title='bbox 1207 1128 1491 1205; x_wconf 88' lang='lat' dir='ltr'><strong>oppidum</strong></span> <span class='ocrx_word' id='word_1_85' title='bbox 1519 1128 1773 1187; x_wconf 90' lang='lat' dir='ltr'><strong>dirutum</strong></span> <span class='ocrx_word' id='word_1_86' title='bbox 1798 1148 1813 1202; x_wconf 88' lang='grc'><strong>;</strong></span> <span class='ocrx_word' id='word_1_87' title='bbox 1856 1149 1990 1207; x_wconf 85' lang='lat' dir='ltr'><strong>ager</strong></span> <span class='ocrx_word' id='word_1_88' title='bbox 2018 1130 2170 1188; x_wconf 86' lang='lat' dir='ltr'><strong>veni-</strong></span> 
     </span>
     <span class='ocr_line' id='line_1_11' title="bbox 229 1221 2170 1305; baseline 0.002 -22"><span class='ocrx_word' id='word_1_89' title='bbox 229 1225 294 1283; x_wconf 89' lang='lat' dir='ltr'><strong>it.</strong></span> <span class='ocrx_word' id='word_1_90' title='bbox 380 1221 663 1281; x_wconf 82' lang='lat' dir='ltr'><strong>Consules</strong></span> <span class='ocrx_word' id='word_1_91' title='bbox 693 1223 880 1300; x_wconf 85' lang='lat' dir='ltr'><strong>magis</strong></span> <span class='ocrx_word' id='word_1_92' title='bbox 913 1224 988 1281; x_wconf 92' lang='lat' dir='ltr'><strong>ob</strong></span> <span class='ocrx_word' id='word_1_93' title='bbox 1017 1224 1130 1283; x_wconf 86' lang='lat' dir='ltr'><strong>iras</strong></span> <span class='ocrx_word' id='word_1_94' title='bbox 1161 1225 1415 1303; x_wconf 84' lang='lat' dir='ltr'><strong>graviter</strong></span> <span class='ocrx_word' id='word_1_95' title='bbox 1443 1226 1609 1299; x_wconf 77' lang='lat' dir='ltr'><strong>ultae,</strong></span> <span class='ocrx_word' id='word_1_96' title='bbox 1635 1245 1807 1304; x_wconf 87' lang='lat' dir='ltr'><strong>quam</strong></span> <span class='ocrx_word' id='word_1_97' title='bbox 1842 1226 1917 1285; x_wconf 92' lang='lat' dir='ltr'><strong>ob</strong></span> <span class='ocrx_word' id='word_1_98' title='bbox 1950 1228 2170 1305; x_wconf 87' lang='lat' dir='ltr'><strong>magni-</strong></span> 
     </span>
     <span class='ocr_line' id='line_1_12' title="bbox 229 1319 2264 1401; baseline 0.001 -22"><span class='ocrx_word' id='word_1_99' title='bbox 229 1320 498 1380; x_wconf 85' lang='lat' dir='ltr'><strong>tudinem</strong></span> <span class='ocrx_word' id='word_1_100' title='bbox 526 1319 770 1398; x_wconf 80' lang='lat' dir='ltr'><strong>perfecti</strong></span> <span class='ocrx_word' id='word_1_101' title='bbox 797 1319 934 1379; x_wconf 89' lang='lat' dir='ltr'><strong>belli</strong></span> <span class='ocrx_word' id='word_1_102' title='bbox 959 1322 1406 1401; x_wconf 85' lang='lat' dir='ltr'><strong>triumpharunt.</strong></span> <span class='ocrx_word' id='word_1_103' title='bbox 2187 1329 2264 1382; x_wconf 83' lang='lat'><strong>20</strong></span> 
     </span>
    </p>
   </div>
   <div class='ocr_carea' id='block_1_3' title="bbox 1091 1501 1320 1561">
    <p class='ocr_par' dir='ltr' id='par_1_3' title="bbox 1091 1501 1320 1561">
     <span class='ocr_line' id='line_1_13' title="bbox 1091 1501 1320 1561; baseline 0.004 -2"><span class='ocrx_word' id='word_1_104' title='bbox 1091 1501 1320 1561; x_wconf 86' lang='lat' dir='ltr'>XVIII.</span> 
     </span>
    </p>
   </div>
   <div class='ocr_carea' id='block_1_4' title="bbox 283 1616 2170 1695">
    <p class='ocr_par' dir='ltr' id='par_1_4' title="bbox 283 1616 2170 1695">
     <span class='ocr_line' id='line_1_14' title="bbox 283 1616 2170 1695; baseline 0.003 -25"><span class='ocrx_word' id='word_1_105' title='bbox 283 1626 544 1670; x_wconf 70' lang='lat' dir='ltr'><strong>sabinen</strong></span> <span class='ocrx_word' id='word_1_106' title='bbox 569 1626 640 1669; x_wconf 87' lang='lat' dir='ltr'><strong>in·</strong></span> <span class='ocrx_word' id='word_1_107' title='bbox 761 1616 1075 1695; x_wconf 87' lang='lat' dir='ltr'><strong>Insequens</strong></span> <span class='ocrx_word' id='word_1_108' title='bbox 1123 1635 1307 1674; x_wconf 88' lang='lat' dir='ltr'><strong>annus</strong></span> <span class='ocrx_word' id='word_1_109' title='bbox 1348 1616 1691 1675; x_wconf 77' lang='lat' dir='ltr'><strong>Postumum</strong></span> <span class='ocrx_word' id='word_1_110' title='bbox 1735 1618 2067 1676; x_wconf 87' lang='lat' dir='ltr'><strong>Cominium</strong></span> <span class='ocrx_word' id='word_1_111' title='bbox 2110 1625 2170 1675; x_wconf 91' lang='lat' dir='ltr'><strong>et</strong></span> 
     </span>
    </p>
   </div>
   <div class='ocr_carea' id='block_1_5' title="bbox 230 1694 2265 2570">
    <p class='ocr_par' dir='ltr' id='par_1_5' title="bbox 230 1694 2265 2570">
     <span class='ocr_line' id='line_1_15' title="bbox 230 1694 2165 1803; baseline 0 -32"><span class='ocrx_word' id='word_1_112' title='bbox 230 1694 386 1803; x_wconf 47' lang='lat' dir='ltr'><strong>{³1¹3qu</strong></span> <span class='ocrx_word' id='word_1_113' title='bbox 409 1698 640 1802; x_wconf 42' lang='lat' dir='ltr'><strong>:51:223ss</strong></span> <span class='ocrx_word' id='word_1_114' title='bbox 681 1711 746 1771; x_wconf 92' lang='grc' dir='ltr'><strong>Τ.</strong></span> <span class='ocrx_word' id='word_1_115' title='bbox 772 1712 1029 1771; x_wconf 88' lang='lat' dir='ltr'><strong>Lartium</strong></span> <span class='ocrx_word' id='word_1_116' title='bbox 1058 1713 1319 1771; x_wconf 86' lang='lat' dir='ltr'><strong>consules</strong></span> <span class='ocrx_word' id='word_1_117' title='bbox 1345 1713 1563 1772; x_wconf 88' lang='lat' dir='ltr'><strong>habuit.</strong></span> <span class='ocrx_word' id='word_1_118' title='bbox 1648 1714 1735 1772; x_wconf 90' lang='lat' dir='ltr'><strong>Eo</strong></span> <span class='ocrx_word' id='word_1_119' title='bbox 1764 1734 1915 1773; x_wconf 88' lang='lat' dir='ltr'><strong>anno</strong></span> <span class='ocrx_word' id='word_1_120' title='bbox 1945 1715 2165 1786; x_wconf 84' lang='lat' dir='ltr'><strong>Romae,</strong></span> 
     </span>
     <span class='ocr_line' id='line_1_16' title="bbox 231 1808 2172 1888; baseline -0.003 -17"><span class='ocrx_word' id='word_1_121' title='bbox 231 1830 354 1872; x_wconf 71' lang='lat' dir='ltr'><strong>ities.</strong></span> <span class='ocrx_word' id='word_1_122' title='bbox 383 1852 438 1861; x_wconf 90' lang='lat'><strong>--</strong></span> <span class='ocrx_word' id='word_1_123' title='bbox 463 1828 640 1869; x_wconf 77' lang='lat' dir='ltr'><strong>First</strong></span> <span class='ocrx_word' id='word_1_124' title='bbox 681 1828 814 1867; x_wconf 92' lang='lat' dir='ltr'><strong>cum</strong></span> <span class='ocrx_word' id='word_1_125' title='bbox 854 1830 958 1888; x_wconf 91' lang='lat' dir='ltr'><strong>per</strong></span> <span class='ocrx_word' id='word_1_126' title='bbox 1005 1810 1172 1867; x_wconf 88' lang='lat' dir='ltr'><strong>ludos</strong></span> <span class='ocrx_word' id='word_1_127' title='bbox 1220 1808 1293 1867; x_wconf 90' lang='lat' dir='ltr'><strong>ab</strong></span> <span class='ocrx_word' id='word_1_128' title='bbox 1343 1810 1686 1868; x_wconf 85' lang='lat' dir='ltr'><strong>Sabinorum</strong></span> <span class='ocrx_word' id='word_1_129' title='bbox 1726 1810 2027 1887; x_wconf 84' lang='lat' dir='ltr'><strong>juventute</strong></span> <span class='ocrx_word' id='word_1_130' title='bbox 2067 1829 2172 1887; x_wconf 88' lang='lat' dir='ltr'><strong>per</strong></span> 
     </span>
     <span class='ocr_line' id='line_1_17' title="bbox 231 1894 2169 2006; baseline -0.001 -43"><span class='ocrx_word' id='word_1_131' title='bbox 231 1894 642 2006; x_wconf 50' lang='grc' dir='ltr'><strong>ξῗῑέζοὲθωῗέῗέ</strong></span> <span class='ocrx_word' id='word_1_132' title='bbox 683 1905 972 1963; x_wconf 87' lang='lat' dir='ltr'><strong>lasciviam</strong></span> <span class='ocrx_word' id='word_1_133' title='bbox 997 1912 1183 1963; x_wconf 89' lang='lat' dir='ltr'><strong>scorta</strong></span> <span class='ocrx_word' id='word_1_134' title='bbox 1201 1914 1549 1983; x_wconf 81' lang='lat' dir='ltr'><strong>raperentur,</strong></span> <span class='ocrx_word' id='word_1_135' title='bbox 1573 1924 1849 1964; x_wconf 81' lang='lat' dir='ltr'><strong>concursu</strong></span> <span class='ocrx_word' id='word_1_136' title='bbox 1866 1906 2169 1963; x_wconf 89' lang='lat' dir='ltr'><strong>hominum</strong></span> 
     </span>
     <span class='ocr_line' id='line_1_18' title="bbox 231 1994 2265 2080; baseline -0.001 -18"><span class='ocrx_word' id='word_1_137' title='bbox 231 2030 367 2073; x_wconf 73' lang='lat' dir='ltr'><strong>binos</strong></span> <span class='ocrx_word' id='word_1_138' title='bbox 423 1994 507 2072; x_wconf 59' lang='lat'><strong>02⁰0</strong></span> <span class='ocrx_word' id='word_1_139' title='bbox 567 2029 640 2071; x_wconf 73' lang='lat'><strong>101-</strong></span> <span class='ocrx_word' id='word_1_140' title='bbox 678 2003 802 2061; x_wconf 85' lang='lat' dir='ltr'><strong>rixa</strong></span> <span class='ocrx_word' id='word_1_141' title='bbox 841 2022 906 2061; x_wconf 85' lang='lat' dir='ltr'><strong>ae</strong></span> <span class='ocrx_word' id='word_1_142' title='bbox 947 2021 1127 2080; x_wconf 88' lang='lat' dir='ltr'><strong>prope</strong></span> <span class='ocrx_word' id='word_1_143' title='bbox 1170 2002 1438 2079; x_wconf 86' lang='lat' dir='ltr'><strong>proelium</strong></span> <span class='ocrx_word' id='word_1_144' title='bbox 1476 2002 1628 2060; x_wconf 83' lang='lat' dir='ltr'><strong>fuit:</strong></span> <span class='ocrx_word' id='word_1_145' title='bbox 1670 2021 1957 2080; x_wconf 84' lang='lat' dir='ltr'><strong>parvaque</strong></span> <span class='ocrx_word' id='word_1_146' title='bbox 2000 2022 2068 2059; x_wconf 87' lang='lat' dir='ltr'><strong>ex</strong></span> <span class='ocrx_word' id='word_1_147' title='bbox 2110 2021 2169 2061; x_wconf 93' lang='lat' dir='ltr'><strong>re</strong></span> <span class='ocrx_word' id='word_1_148' title='bbox 2229 2008 2265 2060; x_wconf 88' lang='lat'><strong>5</strong></span> 
     </span>
     <span class='ocr_line' id='line_1_19' title="bbox 232 2098 2171 2178; baseline 0.004 -27"><span class='ocrx_word' id='word_1_149' title='bbox 232 2108 388 2151; x_wconf 78' lang='lat' dir='ltr'><strong>peace.</strong></span> <span class='ocrx_word' id='word_1_150' title='bbox 682 2100 757 2157; x_wconf 89' lang='lat' dir='ltr'><strong>ad</strong></span> <span class='ocrx_word' id='word_1_151' title='bbox 782 2099 1150 2158; x_wconf 85' lang='lat' dir='ltr'><strong>rebellionem</strong></span> <span class='ocrx_word' id='word_1_152' title='bbox 1185 2104 1441 2175; x_wconf 87' lang='lat' dir='ltr'><strong>spectare</strong></span> <span class='ocrx_word' id='word_1_153' title='bbox 1473 2118 1563 2157; x_wconf 90' lang='lat' dir='ltr'><strong>res</strong></span> <span class='ocrx_word' id='word_1_154' title='bbox 1590 2098 1902 2159; x_wconf 88' lang='lat' dir='ltr'><strong>videbatur.</strong></span> <span class='ocrx_word' id='word_1_155' title='bbox 1988 2100 2171 2178; x_wconf 86' lang='lat' dir='ltr'><strong>Super</strong></span> 
     </span>
     <span class='ocr_line' id='line_1_20' title="bbox 235 2196 2170 2274; baseline -0.001 -18"><span class='ocrx_word' id='word_1_156' title='bbox 235 2198 374 2257; x_wconf 85' lang='lat' dir='ltr'><strong>belli</strong></span> <span class='ocrx_word' id='word_1_157' title='bbox 402 2197 604 2257; x_wconf 84' lang='lat' dir='ltr'><strong>Sabini</strong></span> <span class='ocrx_word' id='word_1_158' title='bbox 630 2204 852 2255; x_wconf 88' lang='lat' dir='ltr'><strong>metum</strong></span> <span class='ocrx_word' id='word_1_159' title='bbox 886 2196 948 2253; x_wconf 90' lang='lat' dir='ltr'><strong>id</strong></span> <span class='ocrx_word' id='word_1_160' title='bbox 984 2214 1212 2273; x_wconf 90' lang='lat' dir='ltr'><strong>quoque</strong></span> <span class='ocrx_word' id='word_1_161' title='bbox 1248 2201 1571 2266; x_wconf 82' lang='lat' dir='ltr'><strong>accesserat,</strong></span> <span class='ocrx_word' id='word_1_162' title='bbox 1598 2196 1753 2272; x_wconf 92' lang='lat' dir='ltr'><strong>quod</strong></span> <span class='ocrx_word' id='word_1_163' title='bbox 1780 2196 2020 2272; x_wconf 87' lang='lat' dir='ltr'><strong>triginta</strong></span> <span class='ocrx_word' id='word_1_164' title='bbox 2050 2197 2170 2274; x_wconf 89' lang='lat' dir='ltr'><strong>jam</strong></span> 
     </span>
     <span class='ocr_line' id='line_1_21' title="bbox 235 2292 2172 2373; baseline 0 -20"><span class='ocrx_word' id='word_1_165' title='bbox 235 2295 567 2373; x_wconf 84' lang='lat' dir='ltr'><strong>conjurasse</strong></span> <span class='ocrx_word' id='word_1_166' title='bbox 609 2294 872 2372; x_wconf 78' lang='lat' dir='ltr'><strong>popuIOS,</strong></span> <span class='ocrx_word' id='word_1_167' title='bbox 905 2293 1229 2351; x_wconf 75' lang='lat' dir='ltr'><strong>concitante</strong></span> <span class='ocrx_word' id='word_1_168' title='bbox 1272 2292 1513 2351; x_wconf 88' lang='lat' dir='ltr'><strong>Octavio</strong></span> <span class='ocrx_word' id='word_1_169' title='bbox 1555 2292 1831 2365; x_wconf 88' lang='lat' dir='ltr'><strong>Mamilio,</strong></span> <span class='ocrx_word' id='word_1_170' title='bbox 1864 2295 2000 2352; x_wconf 88' lang='lat' dir='ltr'><strong>satis</strong></span> <span class='ocrx_word' id='word_1_171' title='bbox 2040 2315 2172 2353; x_wconf 91' lang='lat' dir='ltr'><strong>con-</strong></span> 
     </span>
     <span class='ocr_line' id='line_1_22' title="bbox 235 2390 2173 2467; baseline -0.001 -16"><span class='ocrx_word' id='word_1_172' title='bbox 235 2393 444 2451; x_wconf 79' lang='lat' dir='ltr'><strong>stabat.</strong></span> <span class='ocrx_word' id='word_1_173' title='bbox 528 2392 599 2449; x_wconf 90' lang='lat' dir='ltr'><strong>In</strong></span> <span class='ocrx_word' id='word_1_174' title='bbox 632 2391 740 2450; x_wconf 89' lang='lat' dir='ltr'><strong>hac</strong></span> <span class='ocrx_word' id='word_1_175' title='bbox 767 2396 1055 2448; x_wconf 88' lang='lat' dir='ltr'><strong>tantarum</strong></span> <span class='ocrx_word' id='word_1_176' title='bbox 1087 2390 1509 2467; x_wconf 85' lang='lat' dir='ltr'><strong>exspectatione</strong></span> <span class='ocrx_word' id='word_1_177' title='bbox 1543 2410 1730 2449; x_wconf 88' lang='lat' dir='ltr'><strong>rerum</strong></span> <span class='ocrx_word' id='word_1_178' title='bbox 1766 2391 2009 2449; x_wconf 89' lang='lat' dir='ltr'><strong>sollicita</strong></span> <span class='ocrx_word' id='word_1_179' title='bbox 2040 2393 2173 2450; x_wconf 86' lang='lat' dir='ltr'><strong>civi-</strong></span> 
     </span>
     <span class='ocr_line' id='line_1_23' title="bbox 236 2489 2265 2570; baseline -0.001 -20"><span class='ocrx_word' id='word_1_180' title='bbox 236 2498 374 2563; x_wconf 88' lang='lat' dir='ltr'><strong>tate,</strong></span> <span class='ocrx_word' id='word_1_181' title='bbox 408 2491 707 2549; x_wconf 87' lang='lat' dir='ltr'><strong>dictatoris</strong></span> <span class='ocrx_word' id='word_1_182' title='bbox 740 2490 992 2568; x_wconf 83' lang='lat' dir='ltr'><strong>primum</strong></span> <span class='ocrx_word' id='word_1_183' title='bbox 1031 2489 1259 2547; x_wconf 89' lang='lat' dir='ltr'><strong>creandi</strong></span> <span class='ocrx_word' id='word_1_184' title='bbox 1294 2490 1514 2548; x_wconf 89' lang='lat' dir='ltr'><strong>mentio</strong></span> <span class='ocrx_word' id='word_1_185' title='bbox 1544 2498 1683 2549; x_wconf 87' lang='lat' dir='ltr'><strong>orta.</strong></span> <span class='ocrx_word' id='word_1_186' title='bbox 1769 2491 1883 2549; x_wconf 85' lang='lat' dir='ltr'><strong>Sed</strong></span> <span class='ocrx_word' id='word_1_187' title='bbox 1916 2511 2021 2550; x_wconf 88' lang='lat' dir='ltr'><strong>nec</strong></span> <span class='ocrx_word' id='word_1_188' title='bbox 2056 2511 2169 2570; x_wconf 92' lang='lat' dir='ltr'><strong>quo</strong></span> <span class='ocrx_word' id='word_1_189' title='bbox 2192 2498 2265 2548; x_wconf 90' lang='grc'><strong>10</strong></span> 
     </span>
    </p>
   </div>
   <div class='ocr_carea' id='block_1_6' title="bbox 237 2586 2175 2667">
    <p class='ocr_par' dir='ltr' id='par_1_6' title="bbox 237 2586 2175 2667">
     <span class='ocr_line' id='line_1_24' title="bbox 237 2586 2175 2667; baseline 0.001 -21"><span class='ocrx_word' id='word_1_190' title='bbox 237 2609 410 2661; x_wconf 90' lang='lat' dir='ltr'><strong>anno,</strong></span> <span class='ocrx_word' id='word_1_191' title='bbox 454 2608 560 2646; x_wconf 88' lang='lat' dir='ltr'><strong>nec</strong></span> <span class='ocrx_word' id='word_1_192' title='bbox 608 2588 816 2665; x_wconf 86' lang='lat' dir='ltr'><strong>quibus</strong></span> <span class='ocrx_word' id='word_1_193' title='bbox 867 2586 1213 2658; x_wconf 86' lang='lat' dir='ltr'><strong>consulibus,</strong></span> <span class='ocrx_word' id='word_1_194' title='bbox 1260 2587 1394 2664; x_wconf 90' lang='lat' dir='ltr'><strong>quia</strong></span> <span class='ocrx_word' id='word_1_195' title='bbox 1440 2607 1509 2645; x_wconf 88' lang='lat' dir='ltr'><strong>ex</strong></span> <span class='ocrx_word' id='word_1_196' title='bbox 1558 2588 1811 2647; x_wconf 87' lang='lat' dir='ltr'><strong>factione</strong></span> <span class='ocrx_word' id='word_1_197' title='bbox 1863 2588 2175 2667; x_wconf 89' lang='lat' dir='ltr'><strong>Tarquinia</strong></span> 
     </span>
    </p>
   </div>
   <div class='ocr_carea' id='block_1_7' title="bbox 139 2681 2172 2763">
    <p class='ocr_par' dir='ltr' id='par_1_7' title="bbox 139 2681 2172 2763">
     <span class='ocr_line' id='line_1_25' title="bbox 139 2681 2172 2763; baseline 0 -19"><span class='ocrx_word' id='word_1_198' title='bbox 139 2702 145 2710; x_wconf 82' lang='lat'>’</span> <span class='ocrx_word' id='word_1_199' title='bbox 239 2693 431 2744; x_wconf 86' lang='lat' dir='ltr'><strong>essent</strong></span> <span class='ocrx_word' id='word_1_200' title='bbox 467 2681 556 2761; x_wconf 90' lang='lat' dir='ltr'><strong>(id</strong></span> <span class='ocrx_word' id='word_1_201' title='bbox 598 2705 826 2763; x_wconf 89' lang='lat' dir='ltr'><strong>quoque</strong></span> <span class='ocrx_word' id='word_1_202' title='bbox 869 2686 1023 2745; x_wconf 88' lang='lat' dir='ltr'><strong>enim</strong></span> <span class='ocrx_word' id='word_1_203' title='bbox 1057 2682 1345 2761; x_wconf 88' lang='lat' dir='ltr'><strong>traditur),</strong></span> <span class='ocrx_word' id='word_1_204' title='bbox 1377 2704 1579 2761; x_wconf 89' lang='lat' dir='ltr'><strong>parum</strong></span> <span class='ocrx_word' id='word_1_205' title='bbox 1622 2686 1901 2743; x_wconf 89' lang='lat' dir='ltr'><strong>creditum</strong></span> <span class='ocrx_word' id='word_1_206' title='bbox 1945 2687 2036 2757; x_wconf 90' lang='lat' dir='ltr'><strong>sit,</strong></span> <span class='ocrx_word' id='word_1_207' title='bbox 2068 2706 2172 2744; x_wconf 88' lang='lat' dir='ltr'><strong>nec</strong></span> 
     </span>
    </p>
   </div>
   <div class='ocr_carea' id='block_1_8' title="bbox 238 2780 2266 3826">
    <p class='ocr_par' dir='ltr' id='par_1_8' title="bbox 238 2780 2266 3826">
     <span class='ocr_line' id='line_1_26' title="bbox 240 2780 2175 2860; baseline -0.001 -19"><span class='ocrx_word' id='word_1_208' title='bbox 240 2784 370 2860; x_wconf 91' lang='lat' dir='ltr'><strong>quis</strong></span> <span class='ocrx_word' id='word_1_209' title='bbox 409 2783 664 2860; x_wconf 89' lang='lat' dir='ltr'><strong>primum</strong></span> <span class='ocrx_word' id='word_1_210' title='bbox 704 2782 954 2841; x_wconf 88' lang='lat' dir='ltr'><strong>dictator</strong></span> <span class='ocrx_word' id='word_1_211' title='bbox 993 2788 1214 2839; x_wconf 87' lang='lat' dir='ltr'><strong>creatus</strong></span> <span class='ocrx_word' id='word_1_212' title='bbox 1255 2780 1346 2850; x_wconf 88' lang='lat' dir='ltr'><strong>sit,</strong></span> <span class='ocrx_word' id='word_1_213' title='bbox 1378 2780 1514 2837; x_wconf 86' lang='lat' dir='ltr'><strong>satis</strong></span> <span class='ocrx_word' id='word_1_214' title='bbox 1542 2789 1781 2839; x_wconf 84' lang='lat' dir='ltr'><strong>constat.</strong></span> <span class='ocrx_word' id='word_1_215' title='bbox 1866 2781 2047 2860; x_wconf 83' lang='lat' dir='ltr'><strong>Apud</strong></span> <span class='ocrx_word' id='word_1_216' title='bbox 2085 2802 2175 2840; x_wconf 87' lang='lat' dir='ltr'><strong>ve-</strong></span> 
     </span>
     <span class='ocr_line' id='line_1_27' title="bbox 238 2876 2169 2954; baseline -0.001 -18"><span class='ocrx_word' id='word_1_217' title='bbox 238 2879 508 2936; x_wconf 88' lang='lat' dir='ltr'><strong>terrimos</strong></span> <span class='ocrx_word' id='word_1_218' title='bbox 555 2885 747 2937; x_wconf 88' lang='lat' dir='ltr'><strong>tamen</strong></span> <span class='ocrx_word' id='word_1_219' title='bbox 800 2884 1060 2936; x_wconf 88' lang='lat' dir='ltr'><strong>auctores</strong></span> <span class='ocrx_word' id='word_1_220' title='bbox 1109 2877 1174 2936; x_wconf 88' lang='lat' dir='ltr'><strong>T.</strong></span> <span class='ocrx_word' id='word_1_221' title='bbox 1211 2876 1466 2934; x_wconf 89' lang='lat' dir='ltr'><strong>Lartium</strong></span> <span class='ocrx_word' id='word_1_222' title='bbox 1517 2876 1854 2934; x_wconf 90' lang='lat' dir='ltr'><strong>dictatorem</strong></span> <span class='ocrx_word' id='word_1_223' title='bbox 1900 2879 2169 2954; x_wconf 87' lang='lat' dir='ltr'><strong>primum,</strong></span> 
     </span>
     <span class='ocr_line' id='line_1_28' title="bbox 239 2972 2266 3053; baseline -0.002 -20"><span class='ocrx_word' id='word_1_224' title='bbox 239 2975 340 3053; x_wconf 88' lang='lat' dir='ltr'><strong>Sp.</strong></span> <span class='ocrx_word' id='word_1_225' title='bbox 366 2974 629 3033; x_wconf 82' lang='lat' dir='ltr'><strong>Cassium</strong></span> <span class='ocrx_word' id='word_1_226' title='bbox 671 2976 1012 3053; x_wconf 84' lang='lat' dir='ltr'><strong>magistrum</strong></span> <span class='ocrx_word' id='word_1_227' title='bbox 1055 2974 1334 3051; x_wconf 89' lang='lat' dir='ltr'><strong>equitum,</strong></span> <span class='ocrx_word' id='word_1_228' title='bbox 1367 2980 1585 3031; x_wconf 88' lang='lat' dir='ltr'><strong>creatos</strong></span> <span class='ocrx_word' id='word_1_229' title='bbox 1626 2972 1872 3030; x_wconf 84' lang='lat' dir='ltr'><strong>inveuiO.</strong></span> <span class='ocrx_word' id='word_1_230' title='bbox 1958 2973 2175 3031; x_wconf 87' lang='lat' dir='ltr'><strong>Consu·</strong></span> <span class='ocrx_word' id='word_1_231' title='bbox 2195 2978 2266 3029; x_wconf 90' lang='lat'><strong>15</strong></span> 
     </span>
     <span class='ocr_line' id='line_1_29' title="bbox 239 3068 2174 3150; baseline -0.001 -21"><span class='ocrx_word' id='word_1_232' title='bbox 239 3072 386 3130; x_wconf 88' lang='lat' dir='ltr'><strong>lares</strong></span> <span class='ocrx_word' id='word_1_233' title='bbox 412 3071 599 3150; x_wconf 85' lang='lat' dir='ltr'><strong>legere</strong></span> <span class='ocrx_word' id='word_1_234' title='bbox 623 3090 636 3129; x_wconf 74' lang='grc' dir='ltr'><strong><em>ε</em></strong></span> <span class='ocrx_word' id='word_1_235' title='bbox 680 3071 762 3130; x_wconf 87' lang='lat' dir='ltr'><strong>ita</strong></span> <span class='ocrx_word' id='word_1_236' title='bbox 793 3072 886 3130; x_wconf 87' lang='lat' dir='ltr'><strong>lex</strong></span> <span class='ocrx_word' id='word_1_237' title='bbox 918 3070 1158 3149; x_wconf 88' lang='lat' dir='ltr'><strong>jubebat</strong></span> <span class='ocrx_word' id='word_1_238' title='bbox 1185 3072 1258 3129; x_wconf 90' lang='lat' dir='ltr'><strong>de</strong></span> <span class='ocrx_word' id='word_1_239' title='bbox 1287 3071 1565 3129; x_wconf 89' lang='lat' dir='ltr'><strong>dictatore</strong></span> <span class='ocrx_word' id='word_1_240' title='bbox 1598 3068 1843 3127; x_wconf 90' lang='lat' dir='ltr'><strong>creando</strong></span> <span class='ocrx_word' id='word_1_241' title='bbox 1873 3069 2001 3126; x_wconf 91' lang='lat' dir='ltr'><strong>lata.</strong></span> <span class='ocrx_word' id='word_1_242' title='bbox 2086 3070 2174 3127; x_wconf 90' lang='lat' dir='ltr'><strong>Eo</strong></span> 
     </span>
     <span class='ocr_line' id='line_1_30' title="bbox 240 3153 2177 3247; baseline -0.001 -20"><span class='ocrx_word' id='word_1_243' title='bbox 240 3153 427 3247; x_wconf 82' lang='lat' dir='ltr'><strong>magis</strong></span> <span class='ocrx_word' id='word_1_244' title='bbox 460 3169 717 3227; x_wconf 87' lang='lat' dir='ltr'><strong>adducor</strong></span> <span class='ocrx_word' id='word_1_245' title='bbox 747 3176 814 3227; x_wconf 91' lang='lat' dir='ltr'><strong>ut</strong></span> <span class='ocrx_word' id='word_1_246' title='bbox 847 3169 1074 3227; x_wconf 88' lang='lat' dir='ltr'><strong>credam</strong></span> <span class='ocrx_word' id='word_1_247' title='bbox 1116 3167 1391 3240; x_wconf 85' lang='lat' dir='ltr'><strong>Lartium,</strong></span> <span class='ocrx_word' id='word_1_248' title='bbox 1424 3168 1522 3246; x_wconf 92' lang='lat' dir='ltr'><strong>qui</strong></span> <span class='ocrx_word' id='word_1_249' title='bbox 1561 3164 1873 3225; x_wconf 87' lang='lat' dir='ltr'><strong>consularis</strong></span> <span class='ocrx_word' id='word_1_250' title='bbox 1911 3172 2046 3237; x_wconf 86' lang='lat' dir='ltr'><strong>erat,</strong></span> <span class='ocrx_word' id='word_1_251' title='bbox 2076 3186 2177 3244; x_wconf 88' lang='lat' dir='ltr'><strong>po·</strong></span> 
     </span>
     <span class='ocr_line' id='line_1_31' title="bbox 239 3264 2177 3343; baseline -0.002 -18"><span class='ocrx_word' id='word_1_252' title='bbox 239 3268 358 3325; x_wconf 90' lang='lat' dir='ltr'><strong>tius</strong></span> <span class='ocrx_word' id='word_1_253' title='bbox 387 3286 560 3343; x_wconf 90' lang='lat' dir='ltr'><strong>quam</strong></span> <span class='ocrx_word' id='word_1_254' title='bbox 589 3265 686 3325; x_wconf 85' lang='grc' dir='ltr'><strong>Μ’.</strong></span> <span class='ocrx_word' id='word_1_255' title='bbox 705 3265 1026 3338; x_wconf 79' lang='lat' dir='ltr'><strong>Valerium,</strong></span> <span class='ocrx_word' id='word_1_256' title='bbox 1045 3265 1123 3323; x_wconf 91' lang='lat' dir='ltr'><strong>M.</strong></span> <span class='ocrx_word' id='word_1_257' title='bbox 1148 3265 1348 3338; x_wconf 88' lang='lat' dir='ltr'><strong>filium,</strong></span> <span class='ocrx_word' id='word_1_258' title='bbox 1367 3265 1883 3341; x_wconf 85' lang='lat' dir='ltr'><strong>Volesi-nepotem,</strong></span> <span class='ocrx_word' id='word_1_259' title='bbox 1912 3264 2010 3341; x_wconf 91' lang='lat' dir='ltr'><strong>qui</strong></span> <span class='ocrx_word' id='word_1_260' title='bbox 2037 3284 2177 3322; x_wconf 91' lang='lat' dir='ltr'><strong>non-</strong></span> 
     </span>
     <span class='ocr_line' id='line_1_32' title="bbox 239 3362 2177 3442; baseline -0.001 -20"><span class='ocrx_word' id='word_1_261' title='bbox 239 3364 382 3422; x_wconf 91' lang='lat' dir='ltr'><strong>dum</strong></span> <span class='ocrx_word' id='word_1_262' title='bbox 425 3363 624 3422; x_wconf 91' lang='lat' dir='ltr'><strong>consul</strong></span> <span class='ocrx_word' id='word_1_263' title='bbox 666 3364 871 3434; x_wconf 83' lang='lat' dir='ltr'><strong>fuerat,</strong></span> <span class='ocrx_word' id='word_1_264' title='bbox 903 3363 1325 3421; x_wconf 86' lang='lat' dir='ltr'><strong>moderatorem</strong></span> <span class='ocrx_word' id='word_1_265' title='bbox 1367 3372 1427 3423; x_wconf 93' lang='lat' dir='ltr'><strong>et</strong></span> <span class='ocrx_word' id='word_1_266' title='bbox 1466 3364 1804 3442; x_wconf 85' lang='lat' dir='ltr'><strong>magistrum</strong></span> <span class='ocrx_word' id='word_1_267' title='bbox 1848 3362 2177 3421; x_wconf 86' lang='lat' dir='ltr'><strong>consulibus</strong></span> 
     </span>
     <span class='ocr_line' id='line_1_33' title="bbox 241 3459 2266 3538; baseline -0.001 -21"><span class='ocrx_word' id='word_1_268' title='bbox 241 3461 612 3538; x_wconf 86' lang='lat' dir='ltr'><strong>appositum:</strong></span> <span class='ocrx_word' id='word_1_269' title='bbox 665 3460 782 3538; x_wconf 92' lang='lat' dir='ltr'><strong>qui,</strong></span> <span class='ocrx_word' id='word_1_270' title='bbox 814 3460 863 3516; x_wconf 89' lang='lat' dir='ltr'><strong>si</strong></span> <span class='ocrx_word' id='word_1_271' title='bbox 903 3459 1152 3516; x_wconf 86' lang='lat' dir='ltr'><strong>maxime</strong></span> <span class='ocrx_word' id='word_1_272' title='bbox 1201 3480 1269 3517; x_wconf 82' lang='lat' dir='ltr'><strong>ex</strong></span> <span class='ocrx_word' id='word_1_273' title='bbox 1313 3480 1379 3518; x_wconf 92' lang='lat' dir='ltr'><strong>ea</strong></span> <span class='ocrx_word' id='word_1_274' title='bbox 1419 3461 1640 3519; x_wconf 83' lang='lat' dir='ltr'><strong>familia</strong></span> <span class='ocrx_word' id='word_1_275' title='bbox 1678 3460 1792 3538; x_wconf 85' lang='lat' dir='ltr'><strong>legi</strong></span> <span class='ocrx_word' id='word_1_276' title='bbox 1834 3461 2173 3520; x_wconf 87' lang='lat' dir='ltr'><strong>dictatorem</strong></span> <span class='ocrx_word' id='word_1_277' title='bbox 2196 3465 2266 3516; x_wconf 79' lang='lat'><strong>20</strong></span> 
     </span>
     <span class='ocr_line' id='line_1_34' title="bbox 240 3556 2179 3634; baseline -0.001 -19"><span class='ocrx_word' id='word_1_278' title='bbox 240 3558 470 3629; x_wconf 82' lang='lat' dir='ltr'><strong>vellent,</strong></span> <span class='ocrx_word' id='word_1_279' title='bbox 500 3564 722 3634; x_wconf 89' lang='lat' dir='ltr'><strong>patrem</strong></span> <span class='ocrx_word' id='word_1_280' title='bbox 763 3556 948 3614; x_wconf 91' lang='lat' dir='ltr'><strong>multo</strong></span> <span class='ocrx_word' id='word_1_281' title='bbox 990 3556 1185 3633; x_wconf 88' lang='lat' dir='ltr'><strong>potius</strong></span> <span class='ocrx_word' id='word_1_282' title='bbox 1223 3556 1301 3613; x_wconf 92' lang='lat' dir='ltr'><strong>M.</strong></span> <span class='ocrx_word' id='word_1_283' title='bbox 1327 3556 1639 3628; x_wconf 90' lang='lat' dir='ltr'><strong>Valerium,</strong></span> <span class='ocrx_word' id='word_1_284' title='bbox 1676 3565 1962 3633; x_wconf 89' lang='lat' dir='ltr'><strong>spectatae</strong></span> <span class='ocrx_word' id='word_1_285' title='bbox 2003 3558 2179 3614; x_wconf 87' lang='lat' dir='ltr'><strong>virtu-</strong></span> 
     </span>
     <span class='ocr_line' id='line_1_35' title="bbox 239 3649 2179 3727; baseline -0.003 -16"><span class='ocrx_word' id='word_1_286' title='bbox 239 3653 319 3711; x_wconf 83' lang='lat' dir='ltr'><strong>tis</strong></span> <span class='ocrx_word' id='word_1_287' title='bbox 367 3659 428 3711; x_wconf 87' lang='lat' dir='ltr'><strong>et</strong></span> <span class='ocrx_word' id='word_1_288' title='bbox 467 3652 824 3711; x_wconf 78' lang='lat' dir='ltr'><strong>consularem</strong></span> <span class='ocrx_word' id='word_1_289' title='bbox 875 3652 1079 3722; x_wconf 87' lang='lat' dir='ltr'><strong>virum,</strong></span> <span class='ocrx_word' id='word_1_290' title='bbox 1109 3649 1689 3727; x_wconf 85' lang='lat' dir='ltr'><strong>legissent.—Creato</strong></span> <span class='ocrx_word' id='word_1_291' title='bbox 1739 3651 2019 3709; x_wconf 87' lang='lat' dir='ltr'><strong>dictatore</strong></span> <span class='ocrx_word' id='word_1_292' title='bbox 2065 3650 2179 3725; x_wconf 90' lang='lat' dir='ltr'><strong>pri-</strong></span> 
     </span>
     <span class='ocr_line' id='line_1_36' title="bbox 238 3744 2177 3826; baseline -0.006 -16"><span class='ocrx_word' id='word_1_293' title='bbox 238 3761 404 3809; x_wconf 83' lang='lat' dir='ltr'><strong>mum</strong></span> <span class='ocrx_word' id='word_1_294' title='bbox 446 3746 670 3821; x_wconf 79' lang='lat' dir='ltr'><strong>Romae,</strong></span> <span class='ocrx_word' id='word_1_295' title='bbox 703 3754 1010 3826; x_wconf 89' lang='lat' dir='ltr'><strong>postquam</strong></span> <span class='ocrx_word' id='word_1_296' title='bbox 1052 3744 1312 3823; x_wconf 76' lang='lat' dir='ltr'><strong>praeferri</strong></span> <span class='ocrx_word' id='word_1_297' title='bbox 1354 3764 1574 3804; x_wconf 86' lang='lat' dir='ltr'><strong>secures</strong></span> <span class='ocrx_word' id='word_1_298' title='bbox 1614 3746 1897 3815; x_wconf 86' lang='lat' dir='ltr'><strong>viderunt,</strong></span> <span class='ocrx_word' id='word_1_299' title='bbox 1932 3762 2177 3818; x_wconf 83' lang='lat' dir='ltr'><strong>magnus</strong></span> 
     </span>
    </p>
   </div>
  </div>
 </body>
</html>
