2459 3967
203 199 352 258 CAP.
377 197 622 278 XLVI]
765 218 842 257 AB
886 220 1042 258 11111111
1087 219 1353 259 00111111Α
1396 220 1571 258 unm.
2013 201 2141 263 143

199 379 320 438 qua
343 366 596 439 patrum,
620 359 830 418 eximia
857 360 1036 418 virtus
1064 360 1194 419 fuit.
1281 360 1522 419 Fabium
1551 380 1761 420 nomen
1792 361 1968 421 Fabia
1998 380 2141 439 gens

197 458 454 515 maxime
485 457 708 516 enituit.
787 456 986 515 Multis
1014 456 1275 515 civilibus
1304 458 1713 517 certaminibus
1740 460 1997 519 infensos
2024 457 2141 537 ple-

196 553 546 615 bis'animos
573 553 673 611 ina
690 573 888 631 pugna
915 554 1024 612 sibi
1051 554 1415 613 reconciliare
1444 560 1720 635 statuunt.

1064 729 1280 790 XLVI.

241 850 404 893 Fierce
415 850 616 893 oneetof
676 837 684 843 Χ
730 844 1039 903 Instruitur
1065 846 1243 918 acies3
1278 864 1383 905 nec
1405 847 1621 907 Veiens
1647 847 1833 907 hostis
1860 848 2141 907 Etruscae-

201 918 262 957 th
275 928 301 957 e
335 918 611 959 Romans.—
884 942 896 953 ·

200 984 442 1036 oanantry
461 985 514 1025 or
528 986 606 1026 the
651 960 760 1019 que
787 941 1042 1019 leglones
1062 942 1398 1001 detrectant.
1460 943 1651 1021 Prope
1674 950 1829 1002 certa
1848 964 1977 1023 spes
1999 952 2135 1018 erat,

199 1051 381 1093 Fabiam
404 1051 577 1103 family.
647 1057 763 1096 non
793 1039 977 1116 magis
1004 1058 1194 1097 secum
1223 1046 1595 1117 pugnatur08‚
1622 1060 1795 1118 quam
1824 1042 2138 1119 pugnarint

199 1154 336 1191 cum
357 1134 602 1212 AEquis;
645 1134 834 1211 majus
867 1154 1094 1213 quoque
1126 1136 1378 1215 aliquod,
1402 1137 1463 1193 in
1490 1144 1612 1195 tam
1640 1138 1877 1197 irritatis
1910 1138 2134 1210 animis»,

197 1238 262 1289 et
295 1232 593 1289 occasione
628 1232 880 1309 ancipiti,
905 1233 1062 1290 haud
1089 1232 1509 1310 desperandum
1544 1254 1665 1293 esse
1697 1234 1937 1293 facinus
1987 1252 1991 1257 ·
2022 1235 2137 1293 Res
2196 1238 2230 1289 5

196 1327 368 1386 aliter
397 1328 571 1407 longe
605 1329 810 1387 evenit.
895 1328 1046 1386 Nam
1080 1348 1199 1387 non
1233 1330 1346 1387 alio
1380 1338 1513 1389 ante
1545 1330 1697 1391 bello
1732 1332 1998 1391 infestior
2025 1332 2138 1390 Ro-

193 1446 408 1483 manus
453 1420 622 1499 (adeo
663 1426 798 1483 hinc
841 1426 1206 1484 contumeliis
1246 1426 1457 1500 hostes,
1495 1428 1630 1487 hinc
1673 1430 1933 1489 consules
1974 1450 2137 1488 mora

195 1520 700 1601 exacerbaverant)
730 1522 996 1601 proelium
1025 1523 1172 1581 iniit.
1258 1524 1377 1583 Vix
1405 1525 1725 1603 explicandi
1756 1528 1985 1585 ordines
2014 1548 2137 1605 spa-

192 1620 351 1679 tium
392 1620 650 1677 Etruscis
687 1619 820 1692 fuit,
857 1638 1006 1692 cum,
1037 1619 1172 1697 pilis
1211 1620 1361 1679 inter
1400 1622 1646 1699 primam
1689 1624 2135 1701 trepidationem

193 1716 446 1794 abjectis
481 1723 696 1774 temere
731 1717 918 1793 magis
956 1735 1128 1794 quam
1149 1703 1405 1790 emissis,
1436 1737 1633 1797 pugna
1662 1718 1781 1795 jam
1816 1721 1876 1777 in
1910 1740 2129 1795 1111111118,
2155 1728 2228 1781 10

191 1815 318 1893 jam
361 1814 439 1871 ad
477 1813 718 1891 gladios,
749 1813 849 1871 ubi
885 1813 1039 1871 Mars
1081 1820 1168 1871 est
1207 1815 1614 1887 atrocissimus,
1644 1822 1890 1873 venerat.
1975 1816 2135 1875 Inter

191 1913 482 1990 primores
509 1930 690 1989 genus
719 1909 961 1968 Fabium
989 1911 1213 1989 insigne
1243 1912 1569 1989 spectaculo
1598 1912 1973 1990 exemploque
2001 1914 2135 1971 civi-

191 2009 306 2068 bus
347 2014 485 2067 erat.
570 2008 657 2065 Ex
698 2006 790 2065 his
831 2006 1112 2077 Quintum
1147 2007 1387 2065 Fabium
1431 2004 1629 2083 (tertio
1670 2009 1765 2067 1110
1806 2029 1957 2067 anno
1999 2016 2133 2069 ante

192 2106 399 2165 00118111
431 2103 666 2182 fuerat),
695 2104 1013 2184 principem
1049 2105 1110 2163 in
1144 2106 1436 2164 confertos
1464 2106 1739 2165 Veientes
1772 2112 2019 2181 euntem,
2050 2108 2133 2166 fe-

193 2224 300 2262 rox
330 2202 549 2261 viribus
583 2209 641 2260 et
673 2222 960 2260 armorum
995 2208 1116 2260 arte
1144 2202 1378 2276 Tuscus,
1410 2204 1705 2262 incautum
1738 2204 1889 2263 inter
1920 2206 2131 2265 multas
2152 2212 2225 2265 15

193 2306 522 2359 versantem
542 2298 794 2357 hostium
825 2318 1045 2371 1111111118,
1065 2298 1259 2376 gladio
1280 2319 1384 2377 per
1403 2308 1605 2379 pectus
1632 2300 1931 2381 transfigit.
1988 2303 2131 2361 Telo

195 2404 472 2471 extract0‚
508 2416 764 2475 praeceps
806 2396 1014 2454 Fabius
1063 2397 1125 2453 in
1167 2398 1373 2455 vulnus
1414 2398 1571 2457 abiit.
1657 2397 1849 2457 Sensit
1889 2407 2131 2478 utraque

196 2498 346 2556 acies
378 2496 552 2554 unius
583 2494 691 2552 viri
725 2514 936 2565 casum,
967 2493 1319 2573 cedebatque
1350 2495 1485 2554 inde
1513 2496 1843 2570 Romanus3
1886 2516 2017 2555 cum
2048 2498 2125 2556 M.

197 2593 410 2651 Fabius
451 2590 650 2649 consul
687 2590 977 2648 transiluit
1012 2590 1255 2668 jacentis
1296 2610 1519 2670 corpus,
1552 2592 1889 2672 objectaque
1932 2614 2132 2671 parma

199 2691 234 2719 ‘⁶
250 2690 364 2749 hoc
393 2687 670 2767 jurastis·’'
698 2688 905 2765 inquit,
932 2687 966 2715 “
985 2687 1212 2760 milites,
1237 2688 1527 2766 fugientes
1553 2709 1657 2747 vos
1684 2691 1743 2747 in
1772 2697 1956 2749 castra
1987 2692 2130 2749 redi·
2147 2696 2224 2749 20

195 2788 393 2846 turos?
434 2785 578 2843 adeo
607 2784 1006 2861 ignavissimos
1032 2783 1228 2842 hostes
1256 2784 1441 2861 magis
1468 2784 1703 2858 timetis,
1728 2805 1901 2863 quam
1922 2788 1960 2845 J
1962 2807 2129 2845 ovem

196 2884 574 2959 Martemque,
599 2901 702 2959 per
729 2900 872 2957 quos
898 2880 1168 2958 jurastis?
1247 2879 1333 2939 At
1366 2900 1475 2957 ego
1508 2880 1793 2958 iniuratus
1820 2890 1919 2941 aut
1949 2884 2131 2943 victor

194 2986 462 3051 revertar,
493 2984 593 3035 aut
636 2996 818 3056 prope
860 2983 918 3036 te
961 2978 1074 3050 hic,
1106 2975 1321 3046 Quint-e
1356 2976 1512 3048 Fabi,
1547 2976 1829 3035 dimicans
1870 2979 2127 3037 cadam.'’

193 3074 436 3135 Consuli
478 3081 605 3133 tum
637 3074 814 3133 Kaeso
849 3074 1056 3133 Fabius
1097 3074 1305 3151 prioris
1349 3074 1485 3131 anni
1529 3073 1759 3131 consul:
1793 3074 1827 3102 “
1846 3075 2129 3134 Verbisne

193 3174 337 3245 istis,
357 3173 552 3243 frater,
573 3178 640 3230 ut
670 3178 946 3249 pugnent,
967 3178 1026 3229 te
1056 3172 1497 3249 impetraturum
1532 3170 1750 3228 credis?
1816 3170 1919 3229 Dii
1952 3172 2129 3250 impe·
2146 3179 2223 3231 25

193 3269 448 3342 trabunt,
485 3288 590 3346 per
631 3288 776 3345 quos
815 3267 1087 3345 juravere.
1171 3267 1251 3325 Et
1290 3287 1412 3340 nos,
1443 3274 1510 3326 ut
1550 3267 1716 3325 decet
1756 3287 2032 3346 procereS‚
2063 3277 2131 3329 ut

194 3367 372 3426 Fabio
401 3366 638 3423 nomine
665 3372 753 3424 est
779 3364 1038 3442 dignum,
1057 3364 1370 3442 pugnando
1393 3365 1605 3443 potius,
1626 3385 1799 3443 quam
1825 3365 2128 3427 adhortan-

193 3466 287 3539 do,
318 3462 698 3523 accendamus
730 3463 981 3521 militum
1015 3462 1166 3520 anim
1175 3461 1293 3521 OS.”
1378 3462 1473 3521 Sic
1505 3463 1567 3520 in
1600 3463 1852 3541 primum
1886 3464 2129 3524 infensis

193 3563 374 3622 hastis
401 3559 708 3641 provolant
728 3559 844 3617 duo
864 3558 1042 3631 Fabii,
1061 3564 1360 3635 totamque
1386 3567 1691 3619 moverunt
1712 3580 1905 3621 secum
1926 3562 2123 3620 aciem.
