2459 3967
231 206 738 287 CARXXXIILJ
825 226 904 265 AB
947 226 1102 267 11an
1147 226 1413 267 comm-A
1456 228 1632 268 unm.
2062 204 2189 274 127

247 372 436 429 tinum
468 369 846 428 secessionem
865 368 1080 427 factam
1109 388 1246 427 esse.
1331 368 1423 426 Ibi
1450 368 1575 427 sine
1600 368 1717 425 ullo
1741 369 1885 426 duce
1908 368 2053 426 vallo
2075 368 2191 425 fos-

249 488 424 545 saque
465 466 842 524 communitis
884 466 1084 524 castris
1125 466 1323 543 quieti,
1354 484 1473 523 rem
1524 465 1757 537 nullam,
1789 466 1900 523 nisi
1942 484 2191 523 necessa·
2213 468 2283 518 15

248 566 393 621 riam
436 563 513 621 ad
552 563 787 634 victum,
820 561 1116 634 sumend0‚
1148 581 1252 639 per
1292 562 1513 639 aliquot
1554 562 1676 620 dies
1717 581 1903 639 neque
1944 562 2190 619 lacessiti

249 680 435 738 neque
471 659 826 731 lacessenteS‚
858 678 981 717 sese
1014 666 1263 717 tenuere.
1348 658 1538 717 Pavor
1574 660 1776 737 ingens
1809 660 1871 717 in
1903 658 2043 717 urbe
2076 679 2191 717 me-

249 764 430 834 tuque
460 762 664 813 mutuo
693 774 970 833 suspensa
995 762 1156 813 erant
1185 755 1397 813 omnia.
1482 754 1711 813 Timere
1744 755 1941 813 relicta
1972 756 2044 813 ab
2074 756 2191 812 suis

249 854 448 931 plebes
490 853 822 915 violentiam
871 860 1134 929 patrum3
1176 853 1382 911 timere
1424 859 1615 930 patres
1659 853 1901 912 residem
1946 854 2007 910 in
2052 852 2191 910 urbe

249 950 500 1029 plebem,
530 950 752 1021 incerti,
786 970 1015 1007 manere
1065 968 1192 1007 eam
1240 970 1315 1007 an
1362 948 1518 1007 abire
1562 949 1815 1007 mallent.
1901 948 2190 1018 Quamdiu
2212 953 2287 1005 20

249 1055 445 1106 autem
482 1047 848 1125 tranquillam
884 1066 1012 1125 quae
1056 1047 1349 1106 secesserit
1380 1045 1813 1105 multitudinem
1847 1046 2009 1103 fore?
2051 1045 2192 1122 quid

249 1146 520 1203 futurum
549 1144 772 1215 deinde,
805 1144 852 1201 si
888 1144 1041 1221 quod
1077 1151 1378 1202 externum
1412 1144 1643 1202 interim
1670 1142 1885 1201 bellum
1920 1142 2191 1199 exsistat?

252 1242 488 1299 Nullam
533 1241 798 1319 profecto
843 1242 955 1299 nisi
999 1242 1058 1298 in
1103 1239 1411 1299 concordia
1454 1240 1667 1299 civium
1708 1259 1869 1318 spem
1914 1240 2191 1317 reliquam

252 1340 496 1399 ducere:
539 1339 684 1396 Eam
717 1358 820 1416 per
861 1358 1043 1416 aequa,
1074 1357 1178 1415 per
1210 1338 1425 1415 iniqua,
1458 1337 1935 1395 reconciliandam
1972 1337 2191 1395 civitati

248 1456 390 1495 esse.
479 1436 575 1495 Sic
617 1435 835 1513 placuit
875 1436 1054 1511 igitur
1095 1442 1385 1493 oratorem
1424 1434 1501 1492 ad
1541 1435 1770 1518 plebem
1810 1435 1967 1492 mitti
2002 1434 2192 1491 Mene·
2211 1440 2286 1491 25

251 1535 418 1593 nium
460 1532 802 1611 Agrippam,
835 1532 1150 1589 facundum
1191 1531 1379 1589 virum
1427 1537 1502 1603 et,
1536 1531 1692 1609 quod
1732 1531 1867 1589 inde
1917 1531 2191 1589 oriundus

249 1637 390 1703 erat,
422 1629 580 1708 plebi
623 1649 832 1721 carum.
919 1628 992 1700 Is,
1023 1618 1389 1686 intromissus
1420 1628 1481 1686 in
1516 1635 1715 1703 castra,
1746 1648 1934 1706 puseo
1976 1628 2075 1686 illo
2110 1629 2193 1686 di-

253 1728 424 1787 cendi
457 1734 516 1785 et
549 1726 782 1785 horrido
824 1726 1001 1783 modo
1043 1725 1189 1783 nihil
1232 1725 1403 1797 aliud,
1436 1742 1608 1821 quam
1640 1726 1767 1797 hoc,
1797 1745 2050 1783 narrasse
2083 1726 2194 1783 fer-

253 1831 380 1882 tur:
395 1823 726 1911 Tempore,
752 1841 866 1901 quo
896 1821 956 1880 in
984 1821 1220 1882 homine
1252 1839 1390 1903 non,
1414 1828 1481 1879 ut
1507 1839 1676 1892 nunc,
1702 1821 1896 1877 omnia
1922 1821 1983 1876 in
2011 1839 2192 1877 unum
2332 1825 2343 1895 ’ς

253 1919 707 1991 consentiebant,
739 1912 842 1977 sed
869 1918 1110 1995 singulis
1136 1906 1413 1975 membris
1441 1936 1607 1975 suum
1636 1917 1841 1994 cuique
1870 1916 2188 1989 consilium,
2213 1924 2288 1976 30

257 2038 394 2077 suus
437 2036 625 2075 sermo
659 2016 853 2088 fuerit,
885 2016 1214 2093 indignatas
1249 2015 1495 2093 reliquas
1525 2006 1733 2093 parteS‚
1766 2035 1867 2072 sua
1907 2012 2055 2087 cura,
2088 2035 2191 2073 suo

254 2115 450 2173 labore
477 2133 550 2171 ac
571 2113 912 2184 ministeriO,
942 2113 1130 2171 ventri
1159 2112 1357 2170 omnia
1386 2112 1581 2189 quaeri,
1614 2118 1869 2199 ventrem
1902 2112 1963 2169 in
1995 2112 2191 2171 medio

255 2213 521 2291 quietum
569 2210 716 2267 nihil
763 2209 920 2267 aliud
969 2228 1153 2286 quam
1185 2209 1335 2266 datis
1377 2208 1767 2287 voluptatibus
1806 2210 1939 2289 frui,
1972 2210 2194 2288 conspi-

253 2329 407 2367 rasse
445 2305 600 2379 inde,
629 2326 704 2365 ne
735 2316 942 2365 man'us
975 2306 1049 2365 ad
1083 2326 1148 2363 os
1179 2306 1377 2363 cibum
1408 2306 1643 2379 ferrent,
1675 2326 1780 2365 nec
1814 2328 1879 2365 os
1912 2308 2202 2387 acciperet

254 2406 476 2476 datum,
497 2423 603 2462 nec
630 2403 833 2461 dentes
861 2401 1222 2467 conficerent.
1308 2402 1481 2461 Hac
1464 2422 1564 2475 1ra,
1586 2404 1723 2461 dum
1754 2411 2009 2463 ventrem
2038 2406 2193 2461 fame
2213 2406 2287 2458 35

255 2503 395 2562 dom
526 2499 799 2572 vellent,
784 2520 910 2577 ipsa
950 2519 1066 2559 una
1103 2498 1363 2557 membra
1402 2506 1705 2578 totumque
1747 2520 1954 2579 corpus
1995 2502 2068 2559 ad
2103 2521 2195 2559 ex-

253 2607 442 2658 trema
549 2597 744 2655 tabem
794 2598 1032 2655 venisse.
1118 2596 1263 2654 Inde
1310 2598 1656 2675 apparuisse,
1701 2599 1915 2656 ventris
1966 2618 2213 2679 quoque·

164 2736 171 2741 -
253 2698 415 2755 haud
442 2714 617 2773 segne
643 2695 1027 2753 ministerium
1057 2713 1194 2765 esse,
1217 2714 1323 2753 nec
1351 2696 1535 2771 magis
1564 2696 1637 2753 ali
1668 2716 1839 2773 quam
1868 2695 2014 2753 alere
2042 2714 2191 2767 eum,

255 2795 596 2853 reddentem
623 2793 684 2849 in
715 2810 914 2849 omnes
941 2792 1194 2869 corporis
1221 2798 1415 2869 partes
1440 2790 1610 2862 hunc,
1636 2812 1750 2869 quo
1780 2793 2023 2849 vivimus
2046 2794 2197 2869 vige-

255 2910 520 2969 musque,
551 2889 802 2947 divisum
841 2889 1056 2966 pariter
1095 2889 1158 2946 in
1192 2907 1364 2946 venas
1396 2894 1704 2957 maturum,
1736 2888 2001 2945 confecto
2044 2890 2191 2960 cibo,
2213 2892 2290 2945 40

257 2989 616 3065 sanguinem.
701 2985 1106 3064 Comparando
1134 2986 1289 3055 hinc,
1321 2988 1492 3061 quam
1520 2984 1797 3041 intestina
1828 2984 2083 3061 corporis
2116 3004 2197 3042 se-

258 3087 407 3145 ditio
451 3083 658 3143 similis
697 3090 846 3143 esset
886 3084 988 3141 irae
1029 3082 1214 3160 plebis
1256 3084 1317 3139 in
1358 3088 1565 3160 patres,
1589 3080 1810 3137 flexisse
1843 3086 2065 3138 mentes
2097 3080 2198 3137 ho-

179 3232 184 3237 .
256 3183 503 3239 minum.

1085 3258 1378 3317 XXXIII.

299 3373 668 3417 Reco¹¹⁰¹¹¹²²fi⁰¹²
791 3374 909 3452 Agi
952 3374 1160 3432 deinde
1201 3374 1275 3433 de
1318 3373 1623 3431 concordia
1670 3380 1942 3451 coeptum,
1974 3393 2198 3433 conces-

259 3442 464 3485 effected.
483 3466 533 3474 —
550 3442 670 3483 The

259 3510 294 3551 ο
308 3518 575 3554 ommons
609 3508 672 3550 al
713 3491 954 3549 sumque
982 3472 1044 3528 in
1077 3471 1462 3541 condiciones,
1492 3477 1560 3528 ut
1592 3469 1747 3547 plebi
1781 3471 1868 3528 sui
1902 3472 2197 3549 magistra—

184 3591 193 3600 ·
259 3576 410 3619 lowed
455 3578 508 3617 to
551 3577 670 3617 have
709 3574 806 3626 tus
843 3575 1033 3625 essent
1065 3566 1426 3637 sacrosancti,
1460 3566 1667 3645 quibus
1699 3567 1896 3625 auxilii
1928 3568 2067 3624 latio
2102 3567 2196 3624 ad-

259 3643 556 3696 magxstrates
609 3643 662 3684 ⁰¹
710 3682 906 3723 versus
939 3662 1200 3721 consules
1234 3668 1399 3734 esset,
1430 3682 1571 3721 neve
1605 3664 1697 3721 cui
1731 3670 1961 3739 patrum
1996 3679 2197 3736 capere

257 3710 493 3824 ἓιζξιὶεἷ
503 3720 672 3821 zan—e
712 3780 846 3819 eum
886 3759 1289 3835 magistratum
1321 3757 1541 3818 liceret.
1627 3758 1719 3815 Ita
1748 3755 1967 3815 tribuni
2009 3753 2197 3829 plebei
2257 3754 2291 3803 5
