2459 3967
2068 0 2144 21 3„
2194 0 2266 13 -3-

301 226 431 294 172
1131 243 1249 283 ·r1·r1
1290 242 1417 282 mvr
1744 304 1763 315 ·
1764 216 2041 317 ,341³ssss
2054 223 2237 283 XXI.

2224 338 2295 363 di.

301 393 472 435 nanno
489 392 638 442 alone,
655 392 706 435 in
745 405 865 445 non
907 405 1036 443 cum
1079 385 1324 443 adsensu
1364 382 1723 442 audientium
1764 385 1913 461 egit,
1928 402 2039 467 per
2076 384 2238 457 deos,
2300 389 2334 441 5

301 458 589 567 ἓὴξρὲζέῗὲ
599 466 705 566 ’ξιξ
745 482 1032 541 foederum
1059 480 1305 539 arbitros
1330 500 1395 539 ac
1415 487 1606 553 testes,
1630 457 1893 539 senatum
1922 480 2239 553 obtestans,

301 592 480 643 senate,
501 592 705 643 plenus
747 598 820 636 ne
851 578 1180 637 Romanum
1219 596 1353 635 cum
1386 576 1709 654 Saguntino
1750 579 2090 635 suscitarent
2120 577 2243 635 bel-

300 659 533 767 {ti-⁰02⁸?
552 658 705 766 ἓξὲξ
744 676 881 733 lum.
965 674 1277 745 Monuisse,
1300 673 1635 751 praedixisse
1676 692 1753 745 se,
1776 692 1851 731 ne
1888 673 2241 731 Hamilcaris

301 792 344 834 R
360 802 389 833 o
407 802 452 833 m
471 736 628 833 ἔ-Η
646 791 663 831 i
681 802 704 832 s
745 771 1081 849 progeniem
1115 770 1188 827 ad
1217 770 1529 829 exercitum
1556 770 1867 829 mitterent.
1882 750 1900 855 1
1954 768 2091 827 Non
2118 790 2241 829 ma-

301 858 566 967 gffissnffl'
605 858 699 901 *ΜΒ
739 888 858 941 nes,
889 886 1008 925 non
1049 867 1289 944 stirpem
1330 864 1455 942 ejus
1496 866 1897 943 conquiescere
1935 866 2075 938 viri;
2128 886 2239 925 nec
2260 875 2335 927 10

513 955 524 966 '
741 983 1034 1041 umquam,
1057 962 1243 1021 donec
1276 962 1568 1039 sanguinis
1600 962 1965 1039 nominisque
1997 961 2239 1021 Barcini

301 1064 604 1141 quisquam
625 1062 886 1141 supersit,
913 1060 1176 1138 quietura
1194 1058 1459 1117 Romana
1478 1058 1712 1117 foedera.
1779 1058 1815 1086 ‘⁶
1830 1054 1870 1117 J
1872 1078 2117 1117 uvenem
2136 1059 2238 1119 fla-

299 1167 561 1237 grantem
595 1159 864 1237 cupidine
898 1156 1076 1234 regni,
1101 1156 1369 1232 viamque
1401 1173 1577 1212 unam
1610 1155 1685 1213 ad
1716 1155 1781 1213 id
1812 1162 2159 1229 cernentem,
2184 1158 2238 1215 si
2316 1162 2327 1170 ⁴

300 1276 370 1315 ex
397 1255 560 1315 bellis
593 1256 741 1314 bella
769 1254 1008 1313 serendo
1042 1252 1365 1311 succinctus
1392 1252 1565 1311 armis
1590 1251 2029 1330 legionibusque
2055 1253 2231 1326 vivat,

299 1353 456 1411 velut
481 1354 780 1411 materiam
813 1352 936 1429 igni
969 1350 1292 1429 praebentes
1320 1350 1395 1409 ad
1421 1349 1702 1409 exercitus
1728 1350 1982 1409 misistis.
2068 1349 2236 1411 Alui-
2257 1355 2334 1409 15

299 1449 401 1507 stis
423 1468 558 1527 ergo
587 1449 698 1507 hoc
727 1448 1072 1520 incendium,
1095 1467 1210 1525 quo
1240 1466 1393 1505 nunc
1414 1446 1638 1505 ardetis.
1710 1445 2033 1523 Saguntum
2056 1449 2237 1507 vestri
2430 1468 2432 1563 γ

297 1546 716 1603 circumsedent
745 1546 1040 1617 exercituS,
1067 1545 1219 1602 unde
1248 1551 1510 1604 arcentur
1536 1542 1787 1601 foedere:
1829 1562 1968 1601 mox
1996 1542 2239 1604 Cartha-

296 1624 494 1721 ginem
522 1641 1020 1701 circumsedebunt
1036 1640 1317 1699 Romanae
1338 1640 1594 1718 legiones
1622 1639 1865 1698 ducibus
1884 1640 2070 1699 isdem
2101 1642 2231 1715 diis,
2430 1622 2432 1709 l

292 1760 399 1821 per
433 1760 578 1819 quos
618 1740 808 1819 priore
839 1739 993 1797 bello
1033 1744 1204 1816 rupta
1236 1738 1458 1796 foedera
1498 1743 1633 1795 sunt
1664 1736 1787 1795 ulti.
1871 1737 2091 1797 Utrum
2132 1739 2235 1797 ho-

297 1845 443 1897 stem
473 1858 548 1896 an
569 1858 672 1896 vos
700 1858 774 1895 an
801 1837 1096 1895 fortunam
1117 1836 1415 1913 utriusque
1442 1835 1645 1914 populi
1671 1835 1987 1912 ignoratis?
2054 1836 2233 1915 Iaega-
2250 1842 2331 1895 20

295 1943 387 1994 tos
421 1935 493 1993 ab
529 1936 698 1995 sociis
733 1942 792 1993 et
825 1952 930 2011 pro
965 1934 1134 1996 sociis
1161 1934 1453 1991 venientes
1481 1932 1669 1990 bonus
1702 1932 2015 2010 imperator
2046 1940 2233 1993 vester

294 2032 356 2090 in
385 2038 566 2091 castra
592 2050 707 2090 non
739 2031 988 2103 admisit,
1012 2030 1105 2107 jus
1132 2030 1393 2109 gentium
1423 2029 1666 2089 sustulit.
1739 2030 1825 2088 Hi
1844 2037 2057 2103 tamen,
2076 2032 2231 2091 unde

293 2148 368 2187 ne
407 2129 664 2187 hostium
709 2126 944 2206 quidem
978 2127 1153 2205 legati
1195 2134 1473 2199 arcentur,
1497 2126 1650 2205 pulsi
1690 2127 1765 2185 ad
1796 2147 1900 2185 vos
1930 2136 2226 2188 venerunt.

294 2225 410 2282 Res
444 2244 518 2285 ex
551 2226 770 2283 foedere
812 2231 1162 2301 repetuntur.
1246 2224 1490 2283 Publica
1518 2224 1679 2283 fraus
1711 2224 1893 2298 absit3
1936 2233 2229 2285 auctorem

295 2321 480 2398 culpae
517 2328 574 2379 et
607 2341 768 2382 reum
803 2321 1058 2379 criminis
1091 2322 1427 2398 deposcunt.
1454 2319 1643 2389 &Quo
1670 2321 1855 2379 lenius
1887 2331 2083 2400 agunt,
2108 2343 2229 2401 seg-
2244 2328 2321 2381 25

295 2418 425 2475 nius
464 2417 768 2498 incipiunt,
802 2436 888 2490 e0,
919 2436 1051 2477 cum
1100 2418 1395 2495 coeperint,
1428 2437 1624 2479 vereor
1664 2438 1736 2477 ne
1778 2421 2227 2497 perseverantias

296 2514 550 2597 saeviant.
560 2530 594 2574 ἰ)
624 2514 867 2591 AEgates
895 2514 1107 2572 insulas
1128 2514 1487 2593 Erycemque
1516 2521 1649 2573 ante
1678 2517 1873 2575 oculos
1899 2518 2222 2594 proponite,

296 2630 424 2689 quae
453 2617 604 2669 terra
635 2611 892 2687 marique
924 2631 1028 2688 per
1061 2618 1335 2689 quattuor
1366 2619 1425 2670 et
1452 2612 1661 2690 viginti
1694 2632 1875 2671 annos
1902 2614 2054 2691 passi
2084 2616 2221 2674 sitis,

291 2706 418 2766 Nec
450 2727 594 2785 puer
625 2707 721 2766 hic
755 2707 871 2765 dux
905 2714 1025 2767 erat
1057 2708 1160 2766 sed
1192 2716 1357 2786 pater
1388 2709 1511 2787 ipse
1545 2709 1857 2782 Hamilcar,
1880 2710 2033 2769 Mars
2066 2712 2221 2784 alter,

295 2811 362 2863 ut
402 2804 501 2862 isti
542 2804 760 2862 volunt.
845 2804 960 2864 Sed
992 2804 1261 2876 TarentO,
1292 2806 1355 2865 id
1388 2812 1475 2863 est
1516 2804 1699 2876 Italia,
1728 2825 1848 2864 non
1881 2807 2225 2867 abstinuera-
2243 2815 2315 2867 30

294 2921 424 2959 mus
453 2921 522 2959 ex
555 2901 792 2975 foedere,
816 2902 964 2961 sicut
992 2921 1143 2960 nunc
1173 2901 1433 2979 Sagunto
1461 2922 1579 2960 non
1608 2902 1975 2963 abstinemus».
2060 2905 2226 2964 Vice—

294 3005 430 3058 runt
452 3018 588 3077 ergo
619 2998 702 3056 dii
722 2998 1130 3077 hominesque3
1175 3005 1235 3057 et
1262 2999 1325 3057 id
1352 2999 1425 3057 de
1454 3018 1569 3076 quo
1596 2999 1783 3058 verbis
1810 3000 2220 3079 ambigebatur,

293 3104 423 3156 uter
459 3095 708 3174 populus
745 3096 938 3155 foedus
979 3096 1243 3174 rupisset,
1272 3102 1512 3153 eventus
1551 3096 1688 3154 belli
1720 3097 1879 3155 velut
1910 3116 2111 3176 aequus
2140 3098 2225 3176 ju-

295 3194 422 3265 dex,
448 3193 601 3250 unde
634 3192 728 3269 jus
769 3192 974 3264 stabat,
1000 3192 1054 3249 ei
1093 3192 1395 3250 victoriam
1436 3192 1613 3251 dedit.
1698 3192 2036 3271 Carthagini
2073 3214 2223 3253 nunc

297 3288 588 3345 Hannibal
610 3290 803 3346 vineas
824 3295 1120 3365 turresque
1141 3288 1439 3360 admovet3
1470 3287 1835 3365 Carthaginis
1855 3292 2071 3348 moenia
2094 3311 2223 3369 qua·
2240 3297 2314 3348 35

297 3382 372 3439 tit
404 3384 610 3439 ariete:
654 3384 896 3460 Sagunti
929 3383 1110 3441 ruinae
1146 3379 1350 3458 (falsus
1389 3385 1613 3443 utinam
1646 3393 1803 3443 vates
1844 3385 1979 3464 sim)
2015 3390 2223 3446 nostris

299 3476 582 3553 capitibus
635 3480 905 3553 incident,
951 3490 1393 3561 susceptumque
1442 3503 1575 3541 cum
1628 3484 1964 3563 Saguntinis
2010 3486 2222 3545 bellum

299 3572 629 3629 habendum
659 3592 788 3631 cum
817 3577 1092 3635 Romanis
1120 3586 1221 3637 est.
1306 3579 1601 3640 Dedemus
1635 3600 1771 3659 ergo
1800 3582 2223 3643 Hannibalern?

301 3665 455 3722 dicet
496 3665 716 3741 aliquis.
799 3668 932 3727 Scio
975 3691 1164 3731 meam
1205 3673 1389 3733 levem
1439 3696 1560 3735 esse
1600 3677 1662 3734 in
1710 3694 1780 3734 eo
1825 3679 2222 3737 auctoritatem

301 3762 538 3835 propter
561 3766 825 3835 paternas
851 3763 1195 3827 inimicitias.
1268 3770 1385 3830 Sed
1413 3778 1472 3831 et
1497 3772 1885 3832 Hamilcarem
1914 3794 1983 3835 eo
2010 3775 2222 3852 perisse
2238 3785 2313 3839 40
