2459 3967
335 183 418 243 50
1157 201 1275 241 τιτι
1316 201 1443 240 uvr
2050 174 2211 255 [Lm.
2232 181 2280 239 I.

1189 423 1419 482 XXIII.

385 559 489 601 war
531 559 738 603 between
861 538 1008 597 Haec
1049 539 1323 597 nuntiant
1355 539 1597 596 domum
1628 537 1859 597 Albani.
1945 538 2025 597 Et
2055 538 2277 597 bellum

335 627 738 734 R‘ss'getzndoffi’g:
781 635 1071 713 utrimque
1105 652 1333 692 summa
1366 654 1475 713 ope
1508 634 1833 713 parabatur,
1864 635 2021 693 civili
2054 635 2278 693 simmi-

334 704 486 803 Ena:
514 760 739 812 king-A
779 752 942 789 mum
997 731 1164 803 bello,
1207 750 1391 809 prope
1446 731 1597 789 inter
1649 738 1915 810 parentes
1968 738 2273 809 natosque,
2438 720 2447 835 Ι

336 828 545 936 ῗίῑίῗῐΐν
569 828 742 937 Εἱῖἴὲἇ
781 827 1092 905 Trojanam
1121 835 1424 905 utramque
1444 828 1685 905 prolem,
1709 848 1840 885 cum
1864 828 2167 885 Lavinium
2200 827 2275 885 ab

337 925 486 1012 bytn’e
496 906 740 1003 AEb‘ina-
781 925 972 1003 Troja,
1003 925 1075 982 ab
1109 924 1351 983 Lavinio
1384 924 1553 997 Alba,
1590 924 1663 982 ab
1694 924 2057 983 Albanorum
2092 925 2275 1002 stirpe
2340 937 2374 987 5

337 1029 423 1071 ms
449 1030 739 1105 proposui-to
778 1042 980 1099 regum
1030 1021 1261 1079 oriundi
1301 1021 1551 1079 Romani
1600 1028 1804 1079 essent.
1890 1021 2148 1079 Eventus
2190 1029 2275 1079 ta-

335 1096 740 1214 {uggffaffefficiffi
781 1139 915 1177 men
938 1118 1072 1176 belli
1099 1118 1293 1181 minus
1320 1116 1704 1177 miserabilem
1726 1118 2157 1176 dimicationem
2190 1119 2277 1175 fe-

337 1230 564 1271 outmueh
581 1229 738 1270 blood·
779 1216 893 1287 cit3
943 1214 1100 1293 quod
1147 1233 1254 1272 nec
1308 1214 1430 1271 acie
1485 1222 1767 1273 certatum
1823 1222 1927 1287 est,
1975 1221 2051 1286 et,
2100 1215 2275 1272 tectis
2440 1168 2447 1293 i

335 1294 452 1405 ἓξὲξ
465 1306 568 1403 -ῨῘᾸ
593 1294 741 1413 (ἓξὲξ
781 1312 958 1370 modo
1007 1311 1214 1369 dirutis
1269 1310 1501 1370 alterius
1556 1310 1730 1383 urbis»,
1782 1310 1899 1368 duo
1955 1310 2159 1388 populi
2212 1312 2274 1368 in
2438 1334 2447 1425 Α

337 1429 634 1481 arranged
671 1439 740 1471 ac·
781 1427 962 1465 unum
1011 1408 1240 1465 confusi
1289 1414 1438 1466 sunt.
1521 1407 1738 1465 Albani
1784 1408 2005 1486 priores
2045 1407 2275 1485 ingenti
2296 1416 2375 1468 10

336 1496 586 1548 ⁰⁰‘d¹¹¹ss¹5·
783 1503 1033 1562 exercitu
1063 1505 1123 1561 in
1157 1523 1361 1581 agrum
1389 1504 1719 1562 Romanum
1752 1504 2035 1581 impeturn
2064 1504 2272 1563 fecere.
2442 1468 2446 1579 i

338 1604 538 1663 Castra
578 1602 649 1660 ab
695 1602 836 1659 urbe
876 1602 1033 1659 haud
1075 1601 1205 1679 plus
1250 1601 1501 1679 quinque
1542 1600 1703 1659 milia
1746 1620 2017 1679 passuum
2058 1600 2275 1675 locant,
2440 1618 2447 1741 Ι

336 1702 494 1759 fossa
521 1700 876 1759 circumdant
900 1718 913 1757 :
958 1699 1114 1757 fossa
1142 1697 1339 1757 Cluilii
1364 1698 1439 1756 ab
1468 1698 1703 1757 nomine
1730 1698 1894 1757 ducis
1921 1718 2025 1776 per
2050 1698 2279 1777 aliquot

339 1798 545 1857 saecula
572 1797 858 1877 appellata
885 1801 990 1867 est,
1015 1795 1198 1854 donec
1227 1815 1359 1853 cum
1396 1815 1457 1853 re
1488 1815 1701 1854 nomen
1732 1814 1961 1874 quoque
1987 1803 2277 1855 vetustate
2444 1780 2446 1857 Ι

337 1898 602 1957 abolevit.
688 1896 757 1953 In
792 1896 882 1953 his
911 1894 1109 1953 castris
1137 1893 1383 1952 Cluilius
1410 1892 1671 1953 Albanus
1702 1914 1801 1952 rex
1835 1894 2111 1967 moritur3
2155 1894 2277 1953 dic·
2298 1900 2376 1953 15
2444 1880 2446 1950 l

335 2004 581 2056 tatorem
621 1996 832 2055 Albani
865 1994 1136 2055 Mettium
1170 1993 1467 2052 Fufetium
1504 2000 1712 2053 creant.
1797 1993 2038 2052 Interim
2072 1992 2277 2050 Tullus

338 2095 502 2152 ferox
529 2095 818 2171 praecipue
845 2100 1032 2151 morte
1062 2092 1228 2169 regia,
1252 2111 1643 2170 magnumque
1670 2092 1909 2149 deorum
1944 2110 2175 2161 numen,
2202 2090 2275 2149 ab
2440 2152 2445 2183 1

336 2189 467 2267 ipso
509 2190 698 2265 capite
740 2208 950 2260 orsum,
982 2190 1044 2247 in
1086 2207 1260 2246 omne
1300 2208 1515 2247 nomen
1548 2188 1841 2247 Albanum
1884 2188 2277 2266 expetiturum
2442 2206 2444 2209 ⁴

338 2306 538 2366 poenas
560 2286 633 2344 ob
656 2286 869 2345 bellum
897 2287 1142 2363 impium
1165 2286 1455 2356 dictitans,
1478 2293 1665 2358 nocte,
1688 2286 1995 2363 praeteritis
2016 2285 2277 2343 hostium
2440 2228 2445 2353 1

339 2384 552 2455 castris,
584 2384 798 2441 infesto
833 2383 1084 2442 exercitu
1117 2384 1176 2441 in
1211 2402 1413 2460 agrum
1448 2382 1741 2442 Albanum
1775 2383 1981 2461 pergit.
2066 2382 2153 2439 Ea
2184 2402 2277 2440 res
2298 2390 2380 2443 20
2438 2372 2445 2481 1

338 2482 411 2539 ab
441 2481 662 2539 stativis
690 2481 898 2539 excivit
920 2481 1223 2539 Mettium:
1269 2481 1430 2540 ducit
1459 2501 1630 2559 quam
1660 2482 1921 2559 proxime
1948 2481 2024 2539 ad
2044 2481 2279 2538 hostem

338 2586 545 2656 potest.
648 2577 792 2635 Inde
839 2577 1092 2654 legatum
1142 2578 1503 2655 praemissum
1558 2579 1823 2637 nuntiare
1871 2578 2041 2635 Tullo
2086 2576 2275 2654 jubet,
2436 2530 2443 2627 Ι

339 2676 671 2752 priusquam
703 2674 996 2745 dimicent,
1022 2692 1166 2751 opus
1195 2693 1316 2731 esse
1345 2674 1668 2751 colloquio:
1712 2674 1762 2730 si
1791 2693 1983 2731 secum
2012 2692 2279 2749 congres-
2436 2654 2443 2795 1

340 2793 434 2830 sus
479 2773 570 2843 sit,
603 2772 738 2830 satis
784 2771 940 2841 scire,
973 2790 1039 2828 ea
1083 2791 1142 2829 se
1186 2770 1527 2842 adlaturum,
1560 2790 1687 2848 quae
1732 2770 1915 2829 nihilo
1961 2771 2155 2827 minus
2200 2771 2279 2836 ad

340 2889 458 2928 rem
490 2869 810 2927 Romanam
843 2888 1013 2945 quam
1042 2867 1116 2925 ad
1137 2867 1427 2926 Albanam
1454 2870 1796 2946 pertineant.
1882 2866 2061 2925 Haud
2088 2886 2278 2944 asper·
2297 2876 2383 2927 25
2436 2834 2443 2945 Α

339 2974 509 3026 natus
551 2966 766 3038 Tullus,
798 2965 1029 3024 tametsi
1070 2984 1216 3023 vana
1265 2964 1686 3037 adferebantur,
1717 2965 1779 3022 in
1827 2964 2008 3023 aciem
2059 2964 2273 3022 educit.
2436 2982 2441 3091 γ

339 3065 570 3124 Exeunt
603 3071 803 3123 contra
835 3070 894 3121 et
926 3062 1156 3121 Albani.
1242 3060 1563 3139 Postquam
1596 3060 1800 3119 structi
1832 3061 2122 3139 utrimque
2163 3066 2278 3119 sta-

337 3161 496 3234 bant,
533 3181 665 3220 cum
713 3160 910 3237 paucis
957 3176 1260 3237 procerum
1308 3158 1370 3215 in
1411 3158 1669 3216 medium
1711 3158 1885 3215 duces
1930 3156 2273 3235 procedunt.

339 3255 431 3314 Ibi
458 3256 587 3315 infit
616 3258 907 3314 Albanus:
955 3255 988 3282 “
1008 3254 1257 3330 Injurias
1285 3260 1344 3311 et
1376 3272 1493 3315 non
1528 3254 1780 3313 redditas
1812 3273 1917 3324 ree,
1954 3272 2024 3311 ex
2053 3252 2277 3311 foedere

342 3370 469 3428 quae
511 3352 770 3428 repetitae
814 3352 945 3421 sint,
977 3356 1036 3407 et
1069 3368 1176 3427 ego
1210 3368 1404 3426 regem
1438 3356 1698 3407 nostrum
1733 3349 2003 3407 Cluilium
2042 3368 2275 3407 causam
2298 3360 2379 3412 30
2439 3398 2440 3413 l

339 3444 578 3520 hujusce
621 3464 740 3501 esse
779 3444 916 3500 belli
957 3444 1182 3502 audisse
1215 3445 1445 3515 videor3
1489 3463 1594 3501 nec
1635 3451 1694 3501 te
1728 3445 1948 3525 dubito,
1974 3445 2154 3516 Tulle,
2185 3464 2277 3503 ea-

342 3540 474 3596 dem
507 3556 626 3613 prae
659 3544 718 3594 te
746 3539 907 3594 ferre.
993 3539 1124 3608 Sed,
1149 3540 1196 3595 si
1225 3558 1357 3595 vera
1387 3539 1583 3613 potius
1616 3558 1788 3613 quam
1822 3540 1983 3597 dictu
2016 3541 2280 3616 speciosa

342 3633 587 3690 dicenda
627 3638 775 3702 sunt,
807 3632 1017 3707 cupido
1052 3633 1280 3709 imperii
1312 3633 1459 3691 duos
1491 3640 1768 3708 cognatos
1800 3635 2132 3712 vicinosque
2172 3656 2281 3712 po-

342 3728 510 3803 pulos
543 3726 618 3784 ad
649 3745 807 3784 arma
839 3726 1110 3785 stimulat.
1195 3727 1416 3803 Neque,
1445 3733 1598 3785 recte
1639 3747 1713 3785 an
1752 3747 2071 3805 perperam,
2101 3731 2281 3790 inter·
