2459 3967
61 3796 148 3921 L*

285 185 424 259 ,126
1119 203 1233 241 Τῑτῑ
1280 204 1401 241 ’.Νι
1980 180 2131 259 [Lm.
2152 184 2233 244 II.
2371 0 2405 347 ἱ

187 408 193 413 ,
297 344 461 403 dacia
492 344 906 417 Romanorum,
937 343 1150 415 relictis
1191 342 1407 414 castris
1440 362 1567 421 quae
1602 343 2005 401 munitissimis
2039 351 2237 402 tenue-
2394 352 2407 423 ι

297 449 426 500 rant
467 442 622 513 locis,
660 443 721 499 in
763 460 986 502 aversas
1026 441 1199 499 valles
1241 440 1550 513 desiluere3
1596 440 1696 499 ubi
1738 442 1875 499 satis
1916 441 2131 519 praedae
2174 449 2237 500 et

298 540 538 597 victoria
563 540 862 597 incruenta
887 538 1020 597 fuit.
1370 550 1375 555 “

380 636 470 693 lta
498 636 778 694 trifariam
813 654 873 693 re
900 634 1050 693 bello
1079 634 1223 692 bene
1257 640 1435 712 gesta,
1460 634 1533 693 de
1561 634 2007 693 domesticarum
2041 655 2232 694 rerum
2252 641 2335 693 25

298 742 504 793 eventu
541 752 644 791 nec
677 732 936 810 patribus
969 750 1074 789 nec
1107 731 1265 809 plebi
1296 750 1433 789 cura
1464 731 1794 791 decesserat.
1880 732 2067 791 Tanta
2100 752 2233 791 cum

297 832 498 910 gratia,
529 837 656 887 tum
689 836 809 887 arte
842 835 1302 907 praeparaverant
1334 829 1699 901 feneratores,
1733 850 1861 907 quae
1902 849 2021 888 non
2054 832 2233 889 modo

289 929 542 1008 plebem,
563 928 664 985 sed
684 927 874 1004 ipsum
899 926 1070 985 etiam
1095 925 1435 984 dictatorem
1458 926 1881 986 frustrarentur.
1966 928 2235 1006 Namque

300 1028 579 1100 Valeriae,
610 1034 744 1104 post
776 1024 1007 1083 Vetusii
1047 1023 1298 1081 consulis
1340 1022 1605 1097 reditum,
1638 1026 1897 1084 omnium
1940 1026 2236 1084 actionum

300 1126 360 1183 in
405 1131 607 1182 senatu
654 1122 899 1200 primam
944 1102 1149 1179 hafmit
1195 1139 1303 1197 pro
1352 1121 1567 1180 victore
1614 1124 1850 1202 popu10,
1880 1124 2232 1202 rettulitque,
2256 1133 2337 1185 30

301 1222 441 1300 quid
469 1222 540 1279 de
568 1221 730 1279 nexis
757 1219 880 1277 fieri
909 1218 1172 1296 placeret.
1260 1216 1404 1287 Quae
1435 1239 1567 1278 cum
1596 1221 1809 1298 rejecta
1834 1221 2033 1279 relatio
2068 1229 2235 1295 esset,

303 1319 336 1348 ‘⁴
357 1318 414 1375 N
416 1337 490 1376 on
547 1318 744 1395 placeo
757 1316 790 1344 '’
825 1318 1016 1395 inquit
1051 1318 1086 1345 ‘⁴
1105 1318 1431 1377 concordiae
1488 1325 1702 1376 auctor.
1787 1318 2098 1396 optabitis,
2140 1338 2239 1377 me
2423 1290 2433 1459 ἦ

300 1416 430 1475 dius
462 1414 650 1485 fidius,
680 1434 860 1491 prope
894 1415 1066 1487 diem,
1097 1423 1164 1473 ut
1196 1417 1313 1475 mei
1356 1416 1570 1475 similes
1602 1416 1865 1475 Romana
1904 1415 2101 1493 plebes
2140 1435 2241 1494 pa-

299 1523 499 1573 tronos
525 1511 749 1572 habeat.
835 1510 1008 1580 Quod
1037 1513 1110 1571 ad
1139 1532 1233 1573 me
1266 1514 1491 1585 attinet,
1524 1533 1709 1591 neque
1736 1512 2057 1571 frustrabor
2088 1514 2241 1571 ultra

299 1611 450 1669 cives
483 1629 658 1680 meos,
689 1627 876 1686 neque
911 1609 1034 1686 ipse
1069 1611 1285 1669 frustra
1319 1612 1567 1669 dictator
1600 1630 1713 1669 erO.
1798 1610 2121 1669 Discordiae
2154 1610 2240 1667 in·
2259 1620 2343 1671 35

298 1707 544 1779 testinae,
575 1706 790 1764 bellum
839 1714 1139 1765 externum
1176 1708 1381 1779 fecere,
1412 1714 1479 1764 ut
1510 1707 1623 1765 hoc
1666 1707 2003 1785 magistratu
2046 1714 2241 1785 egeret
2438 1709 2440 1741 ¹

299 1824 387 1863 res
419 1804 665 1882 publica.
751 1802 874 1861 Pax
907 1804 1053 1861 foris
1095 1810 1261 1881 parta
1301 1811 1404 1875 est,
1437 1804 1597 1861 domi
1631 1804 1959 1880 impeditur.
2046 1803 2243 1862 Priva-

299 1910 392 1961 tus
413 1903 609 1981 potius
631 1921 804 1981 quam
828 1901 1077 1959 dictator
1098 1901 1368 1959 seditioni
1392 1900 1691 1959 interero.”
1769 1900 1859 1959 Ita
1880 1902 2037 1959 curia
2058 1908 2243 1979 egres-

299 2021 396 2059 sus
429 2000 716 2059 dictatura
749 2018 808 2057 se
844 1998 1146 2057 abdicavit.
1232 1998 1525 2077 Apparuit
1560 2018 1729 2055 causa
1759 1996 1931 2076 plebi,
1964 2018 2124 2055 suam
2160 1998 2242 2056 vi-

300 2116 422 2156 cem
455 2098 852 2175 indignantem
883 2096 1220 2173 magistratu
1250 2095 1449 2153 abisse.
1536 2096 1755 2173 Itaque,
1772 2096 1929 2153 velut
1948 2096 2243 2173 persoluta
2260 2101 2344 2155 40

299 2194 430 2265 fide,
463 2196 732 2272 quoniam
762 2214 866 2272 per
893 2214 1023 2253 eum
1053 2213 1170 2251 non
1201 2194 1468 2264 stetisset,
1501 2193 1639 2272 quin
1668 2200 2049 2269 praestaretur,
2082 2194 2244 2252 dece-

301 2290 533 2349 dentem
563 2268 804 2348 domum
834 2310 964 2349 cum
993 2292 1190 2348 favore
1219 2310 1285 2348 ac
1314 2290 1579 2348 laudibus
1608 2290 1896 2368 prosecuti
1924 2296 2074 2349 sunt.
2434 2321 2447 2385 1

2430 1468 2435 1499 1

1130 2467 1392 2527 XXXII.
1602 2516 1641 2529 n
1665 2468 1731 2540 *q
1828 2518 1838 2529 .

355 2606 591 2651 secession
647 2608 702 2651 of
829 2580 1031 2641 Timor
1072 2582 1206 2641 inde
1251 2589 1441 2659 patres
1483 2581 1732 2653 incessit,
1764 2600 1853 2653 ne,
1887 2582 1934 2639 si
1970 2582 2243 2640 dimissus

257 2660 271 2679 ⁸
303 2676 382 2716 1¹¹0
415 2676 706 2717 0⁰¹¹¹¹¹¹⁰¹¹³
753 2683 1031 2742 exercitus
1064 2682 1235 2753 foret,
1266 2699 1459 2737 rursus
1502 2686 1685 2736 coetus
1726 2678 1937 2737 occulti
1980 2679 2243 2756 conjura.-

303 2743 354 2783 to
383 2742 461 2783 the
491 2742 706 2784 Sacred
2170 2776 2181 2789 .

303 2809 707 2853 uonna-Mene·
749 2782 1048 2858 tionesque
1069 2780 1286 2837 fierent.
1374 2775 1594 2853 Itaque,
1620 2794 1964 2854 quamquam
1994 2796 2099 2853 per
2125 2776 2243 2834 (110-

303 2878 409 2919 ”¹⁰⁸
430 2878 636 2931 Agrippa
664 2878 704 2919 5⁶
746 2885 992 2937 tatorem
1022 2877 1265 2935 dilectus
1286 2874 1520 2933 habitus
1548 2880 1711 2944 esset,
1731 2879 1943 2944 tamen,
1966 2874 2240 2950 quoniam

299 2949 466 3054 3?ae
476 2944 707 3063 ’ῗὲἒὲΒῖ
748 2978 807 3033 in
839 2975 1138 3033 consulum
1164 2973 1337 3031 verba
1355 2972 1657 3049 jurassent,
1682 2976 2034 3037 sacramento
2056 2969 2241 3027 teneri
2304 2979 2344 3029 5

303 3078 712 3122 mesenate-nis
753 3074 998 3133 militem
1047 3072 1174 3144 rati,
1210 3090 1314 3148 per
1354 3086 1583 3127 causam
1626 3065 1883 3123 renovati
1925 3064 1997 3121 ab
2030 3064 2243 3143 AEquis

303 3144 705 3263 ft'ffg‘hfflges‘ssssss
747 3169 882 3228 belli
905 3168 1071 3227 educi
1092 3187 1162 3225 ex
1183 3166 1325 3225 urbe
1346 3166 1601 3243 legiones
1622 3163 1852 3239 jussere.
1930 3160 2060 3231 Quo
2081 3163 2242 3219 facto

305 3278 532 3327 produced
555 3278 614 3331 by
631 3278 682 3319 it.
749 3272 1036 3325 maturata
1067 3273 1154 3323 est
1189 3263 1411 3322 seditio.
1498 3264 1574 3322 Et
1607 3263 1797 3341 primo
1842 3260 2125 3338 agitatum
2160 3259 2244 3317 di.-

307 3363 456 3419 citur
483 3364 553 3420 de
583 3362 881 3420 consulum
913 3362 1085 3435 caede,
1116 3368 1183 3419 ut
1217 3361 1570 3418 solverentur
1594 3365 1993 3429 sacrament03
2038 3356 2243 3415 doctos

308 3457 516 3514 deinde
562 3457 775 3513 nullam
821 3457 1028 3516 scelere
1071 3458 1408 3535 religionem
1454 3457 1686 3529 exsolvi,
1724 3457 1941 3515 Sicinio
1989 3456 2243 3534 quodam
2267 3463 2341 3515 10

306 3558 555 3622 auctore,
602 3551 823 3626 injussu
871 3554 1171 3611 consulum
1220 3555 1282 3610 in
1332 3552 1569 3611 Sacrum
1618 3560 1878 3610 montem
1930 3554 2389 3613 secessisse-*-

245 3671 257 3698 ι
309 3644 490 3701 Trans
511 3646 796 3705 Anienem
827 3666 1050 3704 amnem
1084 3656 1169 3706 est
1188 3650 1302 3706 tria
1324 3649 1401 3721 ab
1429 3648 1569 3707 urbe
1596 3650 1755 3707 milia
1781 3668 2072 3727 passuum.
2158 3650 2245 3709 Ea

305 3739 667 3813 frequentior
697 3738 855 3797 fama
886 3746 989 3812 est,
1021 3752 1192 3817 quam
1226 3743 1391 3820 cujus
1425 3743 1563 3802 Piso
1598 3751 1797 3804 auctor
1828 3751 1933 3831 est,
1963 3746 2024 3803 in
2052 3746 2245 3829 Aven-
