2459 3967
217 228 375 288 CAP.
403 226 510 307 Χ.]
558 246 592 277 ο
631 262 696 311 ⁶2„
798 246 876 285 AB
919 246 1076 287 uana
1121 246 1385 287 comum
1430 248 1604 288 unm.
2035 228 2159 297 171

221 389 531 461 referente,
561 408 634 475 ne
681 388 742 446 in
791 388 1052 471 relictum
1101 409 1136 447 a
1184 409 1245 447 se
1291 390 1483 449 locum
1531 391 1757 449 hostem
1806 390 2159 450 immitteret.
2184 398 2259 451 25

223 487 436 565 Itaque
471 505 585 564 quo
621 488 804 545 acrius
841 495 900 545 et
927 487 1235 546 confertim
1269 489 1453 565 magis
1486 489 1775 567 utrimque
1808 490 2163 568 pugnabant,

224 604 302 643 eo
343 584 534 662 plures
569 584 1025 657 vulnerabantur,
1055 584 1214 643 nullo
1249 586 1401 643 inter
1432 606 1591 644 arma
1631 606 1982 665 corporaque
2016 606 2165 645 vano

223 681 611 739 intercidente
655 681 788 740 telo.
873 682 1126 740 Falarica
1173 689 1295 740 erat
1338 682 1692 761 Saguntinis,
1726 684 1941 742 missile
1984 685 2166 743 telum

225 778 426 835 hastili
468 777 712 855 abiegno
755 786 814 838 et
855 786 1040 838 cetera
1079 780 1249 838 tereti
1289 786 1672 857 praeterquam
1714 782 1788 838 ad
1828 788 2163 854 extremum,

226 876 386 933 unde
413 876 630 933 ferrum
659 876 932 935 exstabat.
1018 875 1104 949 Id,
1135 877 1285 934 sicut
1316 877 1379 933 in
1413 877 1533 954 pilo
1569 877 1927 954 quadratum,
1958 886 2168 957 stuppa
2188 885 2262 937 30

230 970 708 1049 circumligabant
740 972 1110 1051 linebantque
1151 973 1297 1051 pice.
1383 972 1617 1031 Ferrum
1659 980 1851 1031 autem
1892 981 2008 1033 tres
2048 976 2169 1033 lon-

228 1088 374 1147 gum
402 1068 650 1128 habebat
682 1070 874 1147 pedes,
908 1076 974 1129 ut
1001 1090 1134 1129 cum
1162 1071 1336 1128 armis
1363 1069 1694 1148 transfigere
1722 1090 1929 1148 corpus
1954 1080 2164 1149 posset.

230 1165 352 1225 Sed
382 1166 446 1223 id
478 1166 743 1238 maxime,
776 1168 950 1226 etiam
992 1168 1040 1225 si
1074 1167 1337 1225 haesisset
1370 1168 1431 1225 in
1466 1175 1647 1240 scuto,
1678 1188 1783 1225 nec
1815 1174 2169 1245 penetrasset

227 1264 296 1321 in
337 1282 560 1345 corpuS,
591 1283 864 1341 pavorem
896 1263 1162 1336 faciebat,
1197 1265 1371 1343 quod,
1404 1284 1535 1324 cum
1567 1265 1827 1323 medium
1868 1284 2167 1325 accensum

229 1360 575 1433 mitteretur,
607 1368 1062 1441 conceptumque
1089 1363 1218 1439 ipso
1246 1369 1412 1421 motu
1439 1362 1625 1421 multo
1660 1362 1938 1439 majorem
1971 1364 2167 1441 ignem
2188 1369 2262 1421 35

229 1458 426 1531 ferret,
451 1478 608 1516 arma
635 1460 831 1517 omitti
858 1458 1117 1537 cogebat,
1138 1459 1473 1541 nudumque
1502 1459 1744 1518 militem
1774 1461 1848 1518 ad
1870 1460 2169 1538 insequen-

228 1563 320 1614 tes
349 1555 498 1615 ictus
524 1556 834 1635 praebebat.
1395 1575 1405 1647 ει

1150 1636 1258 1695 ῙΧ.

282 1802 383 1845 'rho
409 1800 640 1853 besiegers
762 1750 912 1810 Cum
941 1750 1043 1810 diu
1071 1770 1282 1828 anceps
1309 1750 1514 1833 fuisset
1542 1734 1847 1823 certamen,
1872 1758 1931 1809 et
1952 1751 2171 1830 Sagun-

231 1870 394 1912 driveu
433 1869 553 1911 back
590 1872 640 1911 to
681 1848 834 1921 tinis,
867 1849 1004 1927 quia
1035 1855 1249 1925 praeter
1289 1867 1451 1925 spem
1485 1850 1829 1921 resisterent,
1861 1850 2171 1907 crevissent

231 1938 355 2015 ‘¹¹0¹‚1'
398 1947 640 2046 lcasspih-
680 1946 892 2019 animi3
937 1944 1169 2018 PoenuS,
1195 1945 1331 2023 quia
1358 1964 1473 2003 non
1505 1945 1748 2017 vicisset,
1772 1963 1877 2022 pro
1906 1924 2060 2003 victo
2090 1965 2171 2003 es-

229 2006 640 2114 ssgxgzsszdorg
681 2049 804 2114 set;
848 2028 1155 2100 clamorem
1197 2048 1435 2119 repente
1486 2042 1764 2119 oppidani
1812 2042 2039 2114 tollunt,
2070 2042 2172 2101 ho-

231 2140 353 2181 from
395 2138 643 2181 Roma-.-
683 2130 956 2216 stemque'
977 2139 1038 2195 in
1071 2138 1265 2197 ruinas
1300 2139 1453 2197 muri
1486 2138 1794 2216 expellunt,
1824 2139 1960 2196 inde
1993 2139 2169 2218 impe·
2230 2147 2264 2196 5

231 2206 481 2323 32:111?ss
526 2208 642 2315 {³22}
684 2236 870 2293 ditum
893 2222 1395 2312 trepidantemque
1424 2235 1745 2307 exturbant,
1766 2242 2059 2312 postremo
2080 2237 2169 2295 fu-

233 2408 406 2528 ἓῑξξῗο
425 2418 670 2516 ῒῒέῗὲζὲ
793 2429 1000 2487 nterim
1031 2428 1102 2487 ab
1131 2428 1319 2487 Roma
1343 2429 1814 2510 legatos-venissc
1836 2430 2168 2490 nuntiatum

233 2552 308 2583 ers
339 2540 392 2583 or
418 2542 496 2583 the
532 2541 642 2582 Bar-
668 2556 670 2559 >
743 2533 803 2598 t;
848 2525 1056 2604 quibus
1092 2524 1322 2583 obviam
1356 2526 1430 2583 ad
1462 2544 1617 2585 mare
1650 2527 1813 2584 missi
1846 2526 1919 2584 ab
1950 2527 2171 2585 Hanni-

234 2607 547 2717 gipghraession
595 2608 644 2649 at
686 2622 814 2680 bale
849 2623 948 2701 qui
984 2622 1256 2694 dicerent,
1288 2641 1393 2680 nec
1427 2610 1561 2681 tuto*
1594 2642 1692 2681 eos
1730 2624 1987 2681 adituros
2020 2623 2171 2681 inter
2190 2628 2265 2681 10

379 2685 438 2727 ag
467 2704 478 2715 ⁶
683 2726 775 2778 tot
801 2726 921 2777 tam
951 2719 1354 2789 effrenatarum
1383 2719 1645 2796 gentium
1674 2739 1847 2791 arma,
1876 2739 1983 2777 nec
2011 2720 2170 2777 Han-

235 2817 417 2875 nibali
450 2816 512 2874 in
545 2822 710 2873 tanto
745 2815 1072 2893 discrimine
1110 2834 1300 2873 rerum
1344 2833 1532 2891 operae
1576 2834 1696 2873 esse
1728 2815 2043 2893 legationes
2076 2835 2169 2873 au-

237 2914 374 2972 dire.
460 2912 796 2991 Apparebat
836 2932 952 2969 non
995 2912 1275 2977 admissos
1309 2902 1717 2987 Carthaginem
1760 2912 2023 2987 protinus
2063 2913 2173 2971 itu-

238 3032 331 3069 ros
349 3028 363 3084 3
407 3011 628 3068 litteras
648 3009 826 3086 igitur
843 3010 1190 3086 nuntiosque
1212 3009 1287 3065 ad
1307 3008 1597 3086 principes
1616 3006 1886 3065 factionis
1907 3008 2171 3065 Barcinae

239 3108 562 3187 praemittit,
593 3113 660 3165 ut
691 3113 1077 3185 praepararent
1111 3126 1346 3164 suorum
1381 3106 1621 3177 animos,
1652 3124 1725 3163 ne
1760 3104 1899 3202 qqid
1932 3124 2065 3182 pars
2096 3105 2173 3163 al·
2192 3114 2265 3170 15

239 3214 362 3265 tera
387 3203 698 3285 gratificari
723 3223 830 3281 pro
859 3202 1136 3293 Romanis
1163 3210 1376 3279 posset.
1764 3190 1785 3201 ⁸

233 2341 390 2383 writes
406 2339 534 2383 word
551 2340 810 2585 αυᾙ
840 2332 1222 2410 fugatumque
1251 2332 1313 2390 in
1342 2339 1527 2391 castra
1551 2332 1889 2411 redigunt.-

1172 3380 1249 3439 X.

290 3532 368 3575 ,Μ
382 3543 409 3575 e
459 3530 644 3573 Roman
765 3495 966 3574 Itaque
999 3500 1384 3573 praeterquam
1420 3494 1576 3571 quod
1610 3494 1844 3553 admissi
1878 3495 2170 3571 auditique

243 3599 642 3643 ambassadors
686 3598 839 3665 sunt,
867 3611 934 3649 ea
967 3610 1195 3669 quoque
1227 3609 1375 3647 vana
1408 3596 1579 3665 atque
1612 3590 1772 3648 irrita
1799 3590 2009 3667 legatio
2038 3590 2169 3650 fuit.

243 3670 434 3722 proceed
462 3672 510 3711 ‘⁰
537 3668 645 3710 Ου’
685 3689 900 3747 Hanno
935 3706 1082 3745 unns
1123 3686 1392 3743 adversus
1434 3691 1693 3742 senatum
1735 3702 1963 3743 causam
1994 3683 2164 3740 foede

243 3738 393 3847 iiitffiae'
408 3736 648 3846 ’ἐι-«ἓξὲξ
687 3786 781 3857 rie,
805 3801 1019 3861 magno
1047 3780 1274 3837 silentio
1302 3785 1539 3856 propter
1564 3780 1961 3838 auctoritatem
1991 3792 2167 3841 suam,
