2459 3967
310 199 664 282 CARLIXJ
897 221 976 261 AB
1018 221 1175 262 11111111
1220 219 1484 262 comum
1527 220 1704 260 unm.
2110 201 2238 264 291

310 369 534 440 gerunt,
566 362 685 436 sed,
715 363 985 440 praesidio
1020 363 1217 421 castris
1250 362 1451 437 relicti,
1482 379 1615 422 cum
1649 368 1832 422 castra
1862 361 2237 432 traderentur,

311 460 373 516 in
394 465 742 537 potestatem
771 460 1025 519 hostium
1046 468 1339 520 venerunt.
1404 461 1584 520 Haud
1605 460 1874 540 equidem
1901 460 2073 519 ullius
2100 460 2241 518 civis

312 562 371 614 et
392 557 803 615 commilitonis
830 558 1083 615 fortunae
1112 564 1211 614 aut
1235 557 1562 616 condicioni
1589 557 1837 629 invide0,
1858 575 1964 616 nec
1984 576 2242 635 premen-

311 653 390 711 do
424 651 597 711 alium
633 673 727 712 me
762 655 1031 712 extulisse
1060 654 1348 712 velim—:
1392 674 1464 712 ne
1499 654 1583 711 illi
1619 655 1852 732 quidem
1885 650 2022 729 (nisi
2056 655 2242 732 perni-
2261 663 2334 715 30

311 751 503 808 citatis
534 751 750 828 pedum
779 758 839 808 et
872 771 1067 809 cursus
1100 751 1335 828 aliquod
1363 752 1668 828 praemium
1703 749 1833 828 est),
1861 752 1958 828 qui
1985 752 2242 829 plerique

309 848 557 905 inermes
591 867 660 906 ex
694 849 813 906 acie
839 848 1131 926 fugientes
1164 867 1284 906 non
1317 848 1477 925 prius
1507 867 1678 925 quam
1697 848 1971 906 Venusiae
2005 855 2104 906 aut
2138 848 2243 906 Ca-

310 945 463 1002 nusii
505 945 903 1018 constiterunt,
936 964 995 1002 se
1040 945 1209 1003 nobis
1250 946 1458 1003 merito
1493 945 1868 1022 praetulerint,
1899 945 2241 1023 gloriatique

312 1041 428 1098 sint
455 1041 515 1099 in
550 1061 610 1099 se
643 1041 773 1119 plus
808 1060 980 1119 quam
1012 1042 1074 1099 in
1108 1041 1400 1100 nobismet
1426 1042 1682 1119 praesidii
1710 1042 1792 1100 rei
1820 1037 2067 1119 publicae
2102 1059 2236 1099 esse.

310 1137 429 1196 Sed
471 1138 583 1195 illis
626 1145 693 1197 ut
732 1138 903 1196 bonis
953 1158 1017 1196 ac
1058 1137 1310 1196 fortibus
1353 1138 1636 1197 militibus
1679 1138 1942 1218 utemini,
1973 1144 2032 1195 et
2074 1136 2240 1194 nobis
2261 1147 2335 1200 35

310 1235 486 1292 etiam
530 1234 985 1312 promptioribus
1027 1254 1134 1312 pro
1182 1235 1384 1312 patria,
1418 1235 1574 1313 quod
1615 1234 1892 1293 beneficio
1930 1241 2118 1292 vestro
2159 1253 2242 1292 re-

310 1331 534 1408 dempti
575 1337 747 1410 atque
787 1331 848 1390 in
891 1331 1137 1409 patriam
1170 1333 1422 1391 restituti
1453 1332 1751 1390 fuerimus,
1835 1332 2128 1390 Dilectum
2171 1350 2241 1389 ex

310 1428 471 1486 omni
506 1435 676 1487 aetate
710 1436 771 1488 et
801 1429 1039 1488 fortuna
1069 1428 1328 1502 habetis3
1373 1437 1507 1488 octo
1545 1430 1706 1488 milia
1744 1450 2034 1488 servorum
2068 1429 2240 1487 audio

308 1526 548 1584 armari:
592 1544 711 1584 non
742 1526 935 1584 minor
966 1546 1238 1585 numerus
1278 1532 1476 1584 noster
1515 1532 1618 1598 est,
1649 1545 1754 1584 nec
1795 1527 2012 1603 majore
2053 1527 2240 1603 pretio

309 1622 516 1680 redimi
536 1641 845 1699 possumus
872 1643 1043 1700 quam
1072 1623 1116 1680 ii
1144 1629 1527 1680 emuntur—2
1570 1642 1705 1680 nam
1735 1623 1783 1679 si
1812 1624 2107 1680 conferam
2134 1643 2242 1680 nos
2261 1627 2337 1681 40

308 1739 443 1779 cum
471 1719 601 1791 illis,
630 1719 902 1797 injuriam
935 1720 1159 1778 nomini
1192 1719 1457 1778 Romano
1485 1719 1710 1777 faciam.
1788 1718 1941 1776 Illud
1973 1719 2146 1776 etiam
2179 1720 2240 1776 in

308 1817 411 1875 tali
429 1816 671 1875 consilio
688 1816 1258 1875 animadvertendum
1276 1817 1440 1874 vobis
1456 1835 1734 1887 censeam,
1749 1821 1940 1892 patres
1961 1817 2243 1892 conscrip-

308 1915 357 1972 ti
388 1910 463 1989 (si
488 1913 607 1990 jam
636 1913 893 1972 duriores
920 1933 1040 1971 esse
1062 1914 1266 1986 velitis,
1293 1912 1450 1991 quod
1471 1912 1630 1970 nullo
1651 1919 1849 1970 nostro
1877 1913 2084 1970 merito
2105 1913 2242 1970 faci-

308 2008 465 2088 atis),
496 2011 589 2068 cui
622 2029 730 2069 nos
756 2009 912 2068 hosti
944 2010 1195 2068 relicturi
1224 2010 1366 2068 sitis,
1437 2008 1665 2088 Pyrrho
1699 2009 1980 2081 videlicet,
2007 2010 2106 2086 qui
2139 2029 2242 2067 vos

274 2183 281 2189 ι
308 2107 607 2185 hospitum
640 2126 882 2166 numero
916 2107 1175 2185 captivos
1204 2106 1426 2179 habuit,
1450 2127 1523 2165 an
1549 2106 1791 2165 barbaro
1821 2125 1886 2164 ac
1913 2106 2116 2178 Poeno,
2142 2107 2239 2184 qui
2259 2114 2335 2166 45

308 2211 505 2263 utrum
532 2204 754 2262 avarior
781 2223 854 2261 an
882 2204 1167 2263 crudelior
1194 2204 1286 2276 sit,
1310 2205 1406 2262 vix
1441 2204 1754 2262 existimari
1787 2209 1995 2280 potest.
2073 2203 2136 2261 Si
2164 2205 2243 2262 vi-

309 2301 493 2360 deatis
534 2308 779 2374 catenas,
811 2299 1149 2379 squalorem,
1181 2300 1615 2359 deformitatem
1659 2301 1870 2358 civium
1904 2307 2238 2374 vestrorum,

308 2417 429 2456 non
459 2398 648 2456 minus
675 2398 938 2476 profecto
960 2417 1065 2455 vos
1090 2417 1159 2456 ea
1186 2398 1403 2475 species
1430 2405 1675 2470 moveat,
1698 2418 1868 2476 quam
1899 2399 1948 2455 si
1975 2417 2044 2456 ex
2067 2399 2243 2456 altera

308 2502 473 2572 parte
506 2496 753 2553 cernatis
792 2501 998 2552 stratas
1031 2493 1430 2552 Cannensibus
1471 2495 1689 2571 campis
1722 2494 1978 2572 legiones
2012 2501 2237 2554 vestras.

309 2591 531 2649 Intueri
551 2591 795 2668 potestis
824 2591 1272 2650 sollicitudinem
1301 2598 1360 2648 et
1381 2591 1641 2648 lacrimas
1673 2591 1734 2648 in
1757 2591 2039 2649 vestibulo
2068 2593 2240 2650 curiae
2262 2602 2336 2653 50

310 2689 587 2746 stantium
624 2694 998 2766 cognatorum
1032 2694 1378 2760 nostrorum,
1411 2688 1978 2764 exspectantiumque
2011 2707 2243 2766 respon-

310 2805 440 2844 sum
473 2791 742 2843 vestrum.
828 2783 978 2842 Cum
1010 2785 1054 2842 ii
1086 2804 1192 2862 pro
1226 2784 1395 2842 nobis
1427 2803 1647 2861 proque
1680 2785 1752 2841 iis
1787 2785 1886 2861 qui
1919 2784 2128 2842 absunt
2160 2785 2242 2842 ita

310 2881 574 2959 suspensi
617 2900 683 2939 ac
732 2881 963 2939 solliciti
996 2881 1140 2953 sint,
1175 2901 1345 2959 quem
1397 2880 1638 2938 censetis
1683 2881 1940 2938 animum
1984 2881 2240 2957 ipsorum

310 2997 449 3048 esse,
475 2996 720 3055 quorum
748 2977 810 3034 in
840 2977 1167 3036 discrimine
1195 2978 1318 3035 vita
1342 2976 1688 3054 libertasque
1717 2979 1840 3036 est?
1914 2976 2030 3035 Sed
2058 2977 2124 3049 si,
2147 2997 2240 3035 me

309 3074 439 3132 dius
466 3072 652 3144 fidius,
678 3073 800 3150 ipse
828 3073 888 3130 in
916 3093 1023 3131 nos
1051 3074 1211 3132 mitis
1238 3073 1531 3132 Hannibal
1561 3079 1762 3132 contra
1787 3079 2050 3131 naturam
2079 3093 2238 3132 suam
2260 3081 2335 3134 55

308 3187 433 3228 esse
467 3168 620 3240 velit,
645 3167 789 3226 nihil
822 3175 1017 3226 tamen
1050 3169 1220 3227 nobis
1254 3169 1374 3228 vita
1407 3189 1553 3246 opus
1585 3189 1708 3228 esse
1741 3188 2087 3242 censeamuS,
2107 3190 2238 3228 cum

307 3265 537 3342 indigni
578 3271 645 3322 ut
684 3264 1093 3324 redimeremur
1134 3285 1171 3323 a
1209 3265 1397 3334 vobis
1417 3265 1525 3323 visi
1567 3265 1761 3322 simus
1845 3265 2086 3323 Rediere
2127 3267 2241 3324 Ro-

307 3379 465 3418 mam
500 3359 791 3437 quondam
825 3360 1047 3417 remissi
1080 3379 1115 3417 a
1155 3359 1382 3438 Pyrrho
1417 3359 1538 3417 sine
1572 3359 1760 3436 pretio
1794 3359 1980 3436 capti3
2025 3360 2126 3418 sed
2158 3381 2240 3420 re-

306 3457 465 3514 diere
506 3475 639 3513 cum
673 3455 894 3533 legatis,
917 3455 1266 3532 primoribus
1308 3455 1574 3526 civitatis,
1607 3455 1680 3512 ad
1713 3455 2076 3513 redimendos
2119 3476 2238 3514 sese

307 3553 513 3610 missis,
576 3588 580 3596 ι
611 3552 865 3610 Redeam
919 3570 1027 3628 ego
1082 3553 1141 3608 in
1191 3551 1438 3628 patriam
1492 3551 1762 3608 trecentis
1814 3551 2068 3606 nummis
2119 3568 2234 3605 non
2257 3553 2331 3604 60

307 3649 628 3707 aestimatus
654 3648 832 3705 civis?
905 3646 1084 3704 Suum
1117 3647 1357 3724 quisque
1386 3645 1642 3703 animum
1669 3644 1860 3716 habet,
1891 3651 2080 3721 patres
2107 3662 2239 3700 con-

306 3745 522 3823 scripti.
610 3743 743 3803 Scio
785 3743 845 3800 in
888 3742 1215 3800 discrimine
1261 3760 1380 3798 esse
1424 3741 1604 3798 vitam
1643 3759 1962 3820 corpusque
2006 3753 2232 3794 meum:
