2459 3967
336 177 466 242 290
1178 195 1297 235 ‘tn-1
1337 195 1463 238 uvx
1890 170 2045 252 [Lm.
2062 177 2278 238 XXII.

336 345 405 400 ut
442 337 701 417 jurarent
748 358 808 398 se
852 338 1136 398 redituros
1180 343 1496 416 acceptum.
1579 337 1791 398 Missus
1831 357 1964 396 cum
2005 336 2099 394 his
2140 337 2284 395 Car-

336 435 497 494 thalo
526 436 737 495 nobilis
764 435 1276 513 CarthaginiensiS‚
1302 435 1418 513 qui,
1443 435 1492 492 si
1521 435 1676 494 forte
1709 435 1784 492 ad
1811 453 2012 512 pacem
2039 434 2284 492 inclina-

336 540 425 592 ret
456 534 697 604 animos,
722 533 1092 592 condiciones
1124 533 1316 590 ferret.
1401 531 1552 590 Cum
1581 532 1796 610 egressi
1827 531 2030 589 castris
2061 538 2277 603 essent,

336 649 487 688 unus
526 650 597 689 ex
638 630 727 702 iis,
758 629 997 688 minime
1042 628 1293 686 Romani
1337 629 1560 706 ingenii
1598 629 1795 701 homo,
1825 627 2004 686 veluti
2051 627 2279 705 aliquid

338 725 569 800 oblitae,
598 726 971 805 jurisjurandi
1012 725 1274 784 solvendi
1313 745 1482 784 causa
1521 745 1656 784 cum
1697 727 1760 784 in
1793 733 1977 784 castra
1998 725 2274 798 redisset,
2295 731 2374 782 25
2444 743 2445 764 ἢ

336 830 471 882 ante
512 831 741 882 noctem
785 824 1027 882 comites
1066 823 1416 900 adsequitur.
1501 823 1624 883 Ubi
1657 823 1904 882 Romam
1938 823 2134 881 venire
2175 842 2280 881 eos
2437 831 2446 874 ὲ

336 921 670 980 nuntiatum
700 929 803 991 est,
828 920 1163 978 Carthaloni
1194 920 1424 978 obviam
1454 920 1624 978 lictor
1655 920 1880 992 missuS‚
1905 920 2004 996 qui
2033 920 2280 978 dictato-

336 1018 415 1076 ris
455 1017 645 1076 verbis
686 1017 997 1090 nuntiaret,
1028 1025 1094 1075 ut
1134 1023 1269 1076 ante
1310 1023 1543 1076 noctem
1585 1016 1884 1076 excederet
1917 1015 2130 1074 finibus
2161 1015 2281 1076 Ro-

334 1115 537 1174 manis.
1225 1192 1366 1252 LIX

384 1362 587 1404 Address
602 1363 741 1404 ottho
862 1309 1095 1387 Legatis
1122 1310 1483 1388 captivorum
1513 1317 1744 1370 senatus
1773 1309 1848 1368 ab
1868 1310 2152 1368 dictatore
2179 1309 2281 1368 da-

334 1431 568 1482 dolegates
590 1431 646 1472 of
660 1432 739 1474 the
780 1411 875 1463 tus
903 1413 1006 1464 est.
1091 1405 1351 1475 Quorum
1380 1406 1648 1484 princeps
1676 1407 1753 1465 M.
1773 1407 1984 1466 Junius
2016 1407 2050 1434 “
2069 1406 2280 1464 Patres
2431 1423 2446 1476 ⁴,

333 1497 739 1606 {aggggssetgattge
779 1502 1151 1581 conscripti,’'
1201 1503 1397 1581 inquit
1439 1503 1473 1530 “
1495 1522 1670 1561 nemo
1723 1510 1986 1560 nostrum
2041 1503 2280 1579 ignorat

701 1593 712 1607 ⁸
779 1599 923 1657 nulli
956 1619 1232 1681 umquam
1274 1600 1496 1658 civitati
1532 1600 1762 1658 viliores
1793 1600 1972 1658 fuisse
2015 1599 2279 1676 captivos

337 1718 509 1777 quam
542 1707 773 1757 nostrae.
857 1698 1147 1770 Ceterum,
1177 1697 1290 1754 nisi
1318 1697 1486 1754 nobis
1518 1697 1648 1775 plus
1675 1696 1832 1774 justo
1861 1703 2058 1755 nostra
2084 1696 2278 1774 placet
2339 1703 2374 1754 5

335 1816 518 1868 causa,
543 1816 661 1854 non
682 1795 779 1853 alii
808 1799 1081 1874 umquam
1110 1795 1303 1852 minus
1331 1795 1662 1872 negligendi
1685 1793 1846 1852 vobis
1875 1813 2048 1871 quam
2075 1813 2184 1850 nos
2213 1794 2278 1852 in

334 1894 593 1952 hostium
620 1899 967 1971 potestatem
997 1897 1292 1950 venerunt.
1377 1891 1513 1950 Non
1547 1891 1700 1950 enim
1732 1891 1792 1948 in
1827 1891 1947 1948 acie
1973 1909 2077 1966 per
2103 1890 2280 1948 timo-

335 2011 457 2050 rem
486 2011 644 2049 arma
670 1990 1051 2062 tradidimus3
1094 1989 1197 2047 sed
1218 2009 1350 2048 cum
1380 2008 1562 2067 prope
1597 1989 1670 2046 ad
1693 1995 1923 2048 noctem
1953 1994 2280 2065 superstan-

335 2095 425 2146 tes
464 2087 709 2146 cumulis
750 2107 1029 2146 caesorum
1069 2106 1378 2164 corporum
1412 2086 1682 2164 proelium
1725 2085 2180 2157 extraxissemus,
2213 2085 2276 2142 in

336 2192 521 2243 castra
541 2186 863 2262 recepimus
885 2202 1025 2256 nos;
1069 2184 1185 2242 diei
1204 2183 1488 2261 reliquum
1513 2203 1578 2242 ac
1599 2189 1829 2241 noctem
1853 2183 2272 2260 insequentem,
2296 2185 2376 2238 10
2433 2203 2446 2230 π

336 2282 475 2340 fessi
504 2281 697 2340 labore
726 2301 790 2339 ac
819 2281 1166 2353 vulneribuS‚
1186 2280 1398 2338 vallum
1429 2300 1626 2338 sumus
1647 2279 1858 2352 tutati3
1901 2285 2136 2356 postero
2158 2279 2274 2352 die,

338 2399 470 2438 cum
512 2378 867 2437 circumsessi
916 2376 988 2435 ab
1034 2378 1288 2436 exercitu
1331 2378 1546 2435 victore
1595 2396 1744 2455 aqua
1787 2395 2125 2448 arceremur,
2167 2395 2276 2435 nec
2443 2391 2446 2504 r

338 2476 453 2535 ulla
478 2476 599 2554 jam
628 2496 731 2554 per
758 2475 1051 2534 confertos
1071 2475 1268 2532 hostes
1296 2474 1634 2552 erumpendi
1663 2493 1794 2551 spes
1823 2480 1988 2545 esset,
2013 2493 2119 2532 nec
2147 2493 2273 2532 esse

338 2574 503 2632 nefas
548 2575 900 2643 duceremuS,
939 2571 1360 2650 quinquaginta
1399 2571 1634 2628 milibus
1677 2570 1985 2628 hominum
2035 2590 2105 2629 cx
2153 2570 2276 2628 acie

339 2677 535 2728 nostra
560 2669 879 2740 trucidatiS,
904 2669 1153 2746 aliquem
1182 2688 1252 2726 ex
1274 2667 1563 2726 Cannensi
1595 2686 1794 2744 pugna
1813 2666 2142 2725 Romanum
2170 2667 2276 2724 mi-
2295 2670 2373 2723 15
2444 2733 2445 2736 ¹

338 2766 500 2824 litem
551 2772 777 2837 restare,
812 2773 952 2824 tunc
1000 2766 1236 2824 demum
1285 2765 1442 2843 pacti
1491 2783 1687 2823 sumus
1733 2763 1986 2842 pretium
2037 2783 2153 2841 quo
2191 2783 2276 2822 re-
2428 2801 2446 2836 ἢ

340 2862 563 2941 dempti
597 2861 1034 2934 dimitteremur,
1058 2881 1232 2934 arma,
1256 2862 1318 2918 in
1349 2860 1558 2939 quibus·
1583 2859 1726 2919 nihil
1755 2860 1876 2937 jam
1905 2859 2106 2918 auxilii
2134 2866 2272 2932 erat,

338 2961 495 3020 hosti
524 2959 883 3019 tradidimus,
969 2957 1219 3035 Majores
1249 2977 1478 3035 quoque
1506 2975 1904 3035 acceperamus
1935 2975 1996 3014 se
2029 2975 2064 3013 a
2094 2955 2275 3014 Gallis

339 3078 479 3117 auro
507 3057 851 3128 redemisse3
895 3062 955 3114 et
982 3061 1172 3133 patres
1199 3060 1436 3125 vestros,
1459 3054 1800 3132 asperrimos
1829 3053 1958 3110 illos
1985 3053 2059 3110 ad
2079 3052 2276 3110 condi-

340 3156 533 3214 ciones
554 3155 729 3233 paciS‚
754 3153 973 3231 legatos
994 3157 1191 3209 tamen
1220 3151 1579 3228 captivorum
1601 3150 2068 3208 redimendorum
2089 3148 2275 3226 gratia
2291 3155 2372 3208 20
2443 3171 2445 3244 4

340 3252 655 3309 Tarentum
696 3250 934 3308 misisse.
1019 3247 1205 3325 Atqui
1248 3254 1307 3306 et
1348 3246 1422 3304 ad
1453 3246 1668 3304 Alliam
1711 3265 1844 3304 cum
1877 3245 2060 3304 Gallis
2093 3249 2160 3303 ‘et
2199 3246 2272 3302 ad
2443 3283 2445 3352 1

341 3344 679 3402 Heracleam
701 3365 831 3402 cum
852 3344 1096 3422 Pyrrho,
1114 3351 1356 3420 utraque
1379 3362 1498 3400 non
1517 3349 1640 3400 tam
1661 3342 1820 3400 clade
1841 3341 2078 3400 infamis
2101 3361 2270 3418 quam
2425 3365 2446 3427 Α

341 3454 552 3508 pavore
593 3446 652 3494 et
684 3440 827 3514 fuga
852 3459 1056 3516 ,pugna
1087 3441 1217 3498 fuit.
1305 3438 1634 3496 Cannenses
1675 3458 1910 3516 campos
1943 3439 2128 3496 acervi
2161 3438 2276 3496 Ro-
2443 3437 2445 3516 4

342 3543 643 3584 manorum
672 3549 977 3607 corporum
1005 3541 1212 3610 tegunt
1235 3552 1250 3604 3
1293 3553 1398 3591 nec
1427 3552 1798 3609 supersumus
1831 3552 2043 3610 pugnae
2072 3529 2184 3591 nisi
2211 3533 2274 3590 in

346 3617 553 3690 quibus
598 3624 953 3684 trucidandis
992 3635 1051 3686 et
1094 3630 1312 3687 ferrum
1355 3635 1416 3686 et
1460 3629 1608 3686 vires
1647 3629 1876 3688 hostem
1919 3629 2269 3688 defecerunt.
2291 3610 2368 3691 ἐξ
2444 3609 2445 3654 ¹

346 3707 495 3764 Sunt
526 3711 699 3769 etiam
732 3715 804 3772 de
836 3721 1047 3778 nostris
1081 3723 1334 3798 quidam,
1359 3724 1463 3801 qui⁴
1492 3742 1565 3781 ne
1602 3725 1664 3782 in
1697 3725 1818 3783 acie
1854 3725 2084 3802 quidem
2123 3725 2274 3783 refu-
