2459 3967
167 222 426 300 emh]
731 241 805 277 AB
849 241 1004 278 URBE
1049 238 1311 278 comum
1357 240 1530 278 unm.
2018 224 2096 285 81

166 382 318 440 unde
354 380 506 439 nihil
539 380 698 440 aliud
728 400 904 458 quam
945 380 1200 457 praedam
1242 399 1467 457 sperare
1506 387 1716 459 posset.
1800 378 2101 459 Praecipue

165 480 248 537 ita
271 484 509 556 patrum
536 496 777 535 numero
806 463 1131 549 imminute,
1153 478 1354 535 statuit
1382 477 1569 535 nullos
1596 479 1657 535 in
1684 484 1873 555 patres
1892 478 2097 555 legere,

168 595 282 653 quo
312 574 706 651 contemptior
732 574 1019 651 paucitate
1047 574 1174 650 ipsa
1207 574 1349 631 ordo
1384 581 1545 647 esset,
1569 576 1873 653 minusque
1907 594 2009 655 per
2040 594 2105 633 se

166 672 313 731 nihil
339 673 440 749 agi
467 671 918 749 indignarentur.
1003 670 1120 728 Hic
1153 673 1309 729 enim
1342 690 1543 749 regum
1570 672 1791 749 primus
1822 672 2099 731 traditum
2120 678 2191 731 20

166 788 200 826 a
229 768 526 847 prioribus
555 786 777 825 morem
819 767 890 825 de
932 767 1202 825 omnibus
1240 774 1500 825 senatum
1538 768 1874 827 consulendi
1912 769 2099 842 solvit,

166 865 504 923 domesticis
551 864 806 923 consiliis
850 882 973 923 rem
1020 863 1312 941 publicam
1360 864 1781 923 administravit
1804 883 1818 936 3
1866 864 2101 939 bellum,

165 980 390 1040 pacem,
413 961 650 1034 foedem,
674 961 975 1019 societates
1000 980 1104 1039 per
1135 980 1196 1019 se
1228 962 1370 1039 ipse,
1395 980 1527 1019 cum
1563 961 1771 1040 quibus
1796 962 1995 1035 voluit,
2019 964 2104 1021 in-

163 1058 332 1136 jussu
370 1057 572 1136 populi
611 1077 679 1115 ac
720 1064 964 1129 senatus,
995 1057 1136 1116 fecit
1177 1056 1537 1135 dii-emitque.
1623 1057 1959 1116 Latinorum
1992 1059 2101 1117 sibi

163 1154 422 1212 maxime
449 1160 683 1231 gentem
710 1152 1064 1226 conciliabat,
1087 1160 1155 1212 ut
1182 1153 1498 1232 peregrinis
1526 1172 1753 1232 quoque
1782 1154 1989 1231 opibus
2014 1162 2103 1213 tu·
2122 1160 2197 1213 25

164 1252 285 1309 tior
311 1251 465 1309 inter
491 1250 642 1308 cives
672 1257 852 1322 esset;
895 1269 1080 1327 neque
1107 1250 1365 1328 hospitia
1390 1249 1567 1308 modo
1596 1270 1726 1309 cum
1756 1251 2103 1328 primoribus

167 1366 390 1418 eorum,
423 1346 526 1405 sed
555 1344 882 1404 adfinitates
919 1365 1148 1425 quoque
1185 1346 1479 1424 jungebat.
1566 1346 1807 1406 Octavio
1842 1347 2101 1407 Mamilio

165 1442 497 1501 Tusculano
533 1436 616 1518 (is
638 1442 812 1521 longe
843 1443 1110 1521 princeps
1142 1442 1334 1500 Latini
1374 1443 1627 1501 nominis
1668 1451 1804 1517 erat,
1836 1445 1885 1502 si
1924 1445 2101 1503 famae

166 1540 474 1611 credimus,
493 1538 566 1597 ab
587 1538 761 1599 Ulixe
789 1539 1009 1618 deaque
1035 1539 1203 1599 Circa
1229 1538 1531 1618 oriundus)
1562 1541 1616 1599 ei
1637 1540 1893 1600 Mamilio
1923 1541 2101 1600 filiam

164 1644 422 1715 nuptum
443 1636 558 1708 dat,
579 1655 791 1714 perque
819 1656 914 1695 eas
940 1636 1174 1714 nuptias
1193 1635 1411 1701 multos
1430 1636 1540 1695 sibi
1561 1644 1840 1715 cognatos
1864 1639 2103 1697 amicos-
2120 1646 2198 1698 30

165 1752 282 1811 que
311 1732 438 1810 ejus
463 1731 746 1791 conciliat.

1111 1910 1172 1969 L.

203 2044 574 2095 'tarquinius
693 2025 827 2083 Jam
870 2043 1082 2102 magna
1120 2022 1419 2101 Tarquinii
1461 2023 1770 2082 auctoritas
1811 2024 1961 2082 inter
2000 2023 2103 2083 La-

164 2121 486 2221 2332&an
494 2112 574 2219 ἒξ
614 2120 869 2178 tinorum
897 2138 1157 2197 proceres
1185 2126 1322 2192 erat,
1348 2138 1479 2177 cum
1508 2120 1569 2177 in
1598 2119 1751 2177 diem
1781 2127 2011 2194 certam,
2034 2128 2101 2180 ut

164 2246 573 2288 mimatensem·
613 2217 689 2275 ad
719 2217 912 2275 lucum
945 2215 1267 2273 Ferentinae
1300 2216 1661 2288 conveniant,
1693 2217 1934 2276 indicit:
1978 2236 2099 2277 esse

163 2313 242 2355 ΝΘ
265 2323 328 2353 on
351 2322 380 2353 ³
400 2311 572 2353 certain
614 2332 744 2390 quae
777 2331 944 2390 agere
977 2312 1048 2369 dc
1082 2311 1251 2369 rebus
1284 2313 1685 2370 communibus
1712 2314 1864 2371 velit.
1950 2314 2100 2371 Con-

164 2376 573 2485 2ῗζέοᾞίῗέἓ
613 2409 852 2467 veniunt
892 2408 1221 2485 frequentes
1261 2408 1449 2485 prima
1480 2407 1621 2467 luce.
1706 2409 1837 2486 Ipse
1864 2409 2101 2488 Tarqui·
2160 2422 2194 2473 5

165 2520 302 2551 own
343 2509 571 2551 tardiness
611 2504 743 2563 nius
791 2503 945 2563 diem
1003 2502 1239 2581 quidem
1288 2504 1546 2575 servavit,
1588 2504 1689 2562 sed
1736 2505 1908 2581 paulo
1965 2513 2099 2564 ante

163 2575 571 2693 ξῗέζθῃῖξξηῗζῗῗ
614 2619 784 2678 quam
819 2600 904 2657 sol
940 2598 1228 2657 occideret
1256 2599 1427 2659 venit.
1514 2600 1699 2659 Multa
1730 2600 1812 2658 ibi
1846 2607 1971 2660 tota
2004 2601 2096 2660 die

162 2708 572 2761 ing—Exanimes
613 2697 674 2755 in
722 2696 966 2754 concilio
1021 2694 1190 2752 variis
1238 2694 1451 2771 jactata
1506 2696 1862 2754 sermonibus
1918 2703 2093 2755 erant.

161 2773 572 2882 2}33naf{h}{eggssj
611 2793 838 2851 Turnus
875 2790 1208 2849 Herdonius
1252 2790 1323 2847 ab
1357 2790 1553 2848 Aricia
1593 2791 1861 2850 ferociter
1901 2793 1962 2849 in
2005 2792 2099 2850 ab·

162 2907 194 2947 d
212 2918 244 2947 u
261 2917 289 2948 ο
306 2909 352 2947 t.
376 2930 429 2939 -
447 2904 526 2946 111
547 2915 570 2946 s
612 2896 832 2947 sentem
865 2887 1243 2964 Tarquinium
1288 2892 1409 2943 erat
1448 2886 1740 2943 invectus:
1783 2885 1962 2944 Haud
1993 2889 2100 2945 mi-
2118 2895 2194 2947 10

161 2971 380 3080 {302}ssss
401 2971 570 3079 51¹2?
611 3004 738 3043 rum
781 3003 901 3044 esse
939 2982 1200 3059 Superbo
1242 2980 1494 3039 inditum
1529 2978 1731 3037 Romae
1775 3000 2097 3056 cognomen

162 3104 349 3155 quimus
379 3066 569 3146 exeam
613 3073 756 3157 (jam
785 3080 938 3139 enim
966 3080 1064 3150 ita,
1085 3078 1228 3136 clam
1262 3076 1494 3153 quidem
1524 3074 1907 3146 mussitantes,
1923 3076 2097 3152 vulgo

162 3170 237 3212 ¹¹1⁸
256 3170 402 3221 delay.
610 3182 806 3235 tamen
833 3194 963 3233 eum
995 3170 1419 3252 appellabant):
1466 3190 1537 3228 an
1570 3169 1871 3248 quicquam
1908 3190 2099 3249 super-

163 3276 294 3335 bius
323 3294 446 3333 esse
474 3292 648 3351 quam
677 3271 958 3330 ludificari
991 3271 1072 3328 sic
1105 3288 1277 3327 omne
1305 3288 1517 3328 nomen
1546 3266 1855 3326 Latinum?
1935 3268 2099 3327 Prin-

165 3372 390 3449 cipibus
409 3371 583 3447 longc
611 3388 648 3427 a
673 3368 848 3427 domo
877 3367 1092 3439 excitiS,
1112 3367 1321 3443 ipsum,
1344 3366 1443 3444 qui
1472 3364 1777 3425 concilium
1807 3364 2095 3440 indixerit,
2118 3374 2190 3426 15

164 3489 282 3526 non
325 3468 539 3527 adesse.
625 3466 920 3542 Temptari
961 3464 1224 3540 profecto
1275 3462 1633 3539 patientiam,
1673 3468 1753 3532 ut,
1796 3463 1845 3520 si
1891 3463 2095 3541 jugum

166 3565 506 3643 acceperint,
537 3562 821 3621 obnoxios
853 3566 1092 3638 premat.
1177 3558 1290 3615 Cui
1330 3559 1483 3615 enim
1525 3577 1642 3615 non
1684 3578 1971 3635 apparere,
2003 3558 2099 3615 ad—

166 3662 380 3737 fectare
407 3678 542 3719 eum
569 3658 879 3735 imperium
907 3657 968 3714 in
998 3654 1236 3723 Latinos
1252 3654 1271 3710 9
1290 3652 1462 3729 ‘quod
1491 3654 1539 3710 si
1567 3654 1655 3711 sui
1677 3652 1821 3709 bene
1850 3651 2152 3720 credide„
2220 3644 2256 3725 ’Π
2282 3634 2365 3713 ᾞ.

167 3761 284 3819 rint
309 3759 480 3831 cives,
504 3762 607 3815 aut
634 3755 684 3813 si
711 3752 994 3812 creditum
1015 3749 1158 3807 illud
1185 3754 1245 3805 et
1271 3765 1390 3805 non
1417 3754 1647 3824 raptum
1675 3744 1980 3822 parricidio
2002 3744 2095 3813 sit,

1071 3844 1131 3901 D
1155 3848 1186 3898 2
