2459 3967
275 208 360 270 36
1105 223 1221 263 ‘rm
1264 222 1389 262 mvi
1986 197 2137 279 [Lm.
2162 204 2209 263 L

275 368 616 445 magnitudo
645 374 780 438 erat,
807 367 1018 444 quippe
1042 365 1250 443 quibus
1270 382 1375 422 nec
1397 362 1558 421 domi
1586 383 1715 441 spes
1741 362 1920 441 prolis
1946 384 2053 423 nec
2080 385 2215 423 cum

275 464 537 521 finitimis
565 464 853 523 connubia
886 469 1089 522 essent.
1174 462 1327 519 'him
1360 481 1431 519 ex
1465 461 1705 519 consilio
1740 469 1972 538 patrum
2000 462 2219 521 Romu·
2280 473 2312 523 5

275 561 366 619 lus
393 561 614 638 legatos
643 562 792 618 circa
819 561 1032 618 vicinas
1059 565 1263 637 gentes
1290 558 1467 629 misit,
1499 558 1599 635 qui
1629 559 1969 617 ’societatem
2002 579 2220 619 connu-

275 658 552 735 biumque
579 677 730 715 novo
757 657 976 734 populo
1005 662 1299 734 peterent:
1334 655 1531 715 Urbes
1556 674 1800 733 quoque,
1824 664 1892 714 ut
1919 664 2123 731 cetera,
2148 678 2221 716 ex

277 753 478 813 infimo
525 755 716 827 nasci;
759 754 910 833 dein,
943 772 1084 831 quas
1129 772 1236 811 sua
1275 752 1457 810 virtus
1497 772 1565 810 ac
1604 752 1689 810 dii
1729 751 1949 830 juvent,
1978 774 2221 831 magnas

279 871 418 929 opes
467 852 577 911 sibi
625 868 1014 929 magnumque
1061 868 1277 907 nomen
1320 849 1524 907 facere.
1608 846 1761 907 Satis
1810 850 1970 921 scire,
2008 851 2221 928 origini
2420 844 2422 853 ’

279 948 556 1007 Romanae
586 954 644 1007 et
672 949 811 1006 deos
839 947 1108 1017 adfuisse,
1144 952 1204 1003 et
1230 964 1349 1003 non
1378 944 1709 1003 defuturam
1737 945 2047 1003 virtutem:
2090 930 2223 1024 proL
2244 950 2315 1002 10

278 1045 416 1103 inde
447 1065 522 1104 ne
553 1051 924 1123 gravarentur
948 1040 1214 1101 homines
1246 1062 1378 1101 cum
1412 1041 1747 1101 hominibus
1780 1044 2121 1121 sanguinem
2154 1063 2221 1101 ac

279 1162 462 1220 genus
487 1145 742 1201 miscere.
827 1140 1128 1219 Nusquam
1155 1140 1406 1218 benigne
1432 1139 1646 1218 legatio
1680 1140 1879 1199 audita
1910 1148 2031 1199 est:
2072 1142 2220 1199 adeo

281 1240 451 1297 simul
494 1238 853 1316 spernebant,
885 1239 1056 1297 simul
1097 1245 1319 1297 tantam
1359 1238 1423 1295 in
1468 1238 1663 1295 medio
1708 1245 2055 1295 crescentem
2100 1258 2222 1296 mo-

281 1335 396 1393 lem
425 1336 536 1393 sibi
569 1355 634 1393 ac
666 1336 910 1413 posteris
943 1336 1062 1393 suis
1093 1335 1461 1394 metuebant:
1506 1354 1573 1393 ac
1605 1334 1889 1413 plerisque
1922 1336 2221 1413 rogitanti·
2420 1404 2422 1411 η

279 1432 390 1490 ‘bus
418 1432 658 1503 dimissi,
689 1431 913 1509 ecquod
939 1433 1174 1490 feminis
1203 1450 1432 1510 qnoque
1470 1432 1693 1509 asylum
1728 1433 2114 1509 aperuissent3
2158 1433 2219 1512 id
2242 1440 2315 1492 15
2406 1414 2423 1435 d

283 1528 440 1586 enim
473 1529 708 1586 demum
750 1548 986 1606 compar
1021 1530 1377 1588 connubium
1415 1529 1557 1587 fore.
1641 1530 1821 1607 AEgre
1862 1527 1926 1587 id
1958 1528 2219 1589 Romana

283 1625 466 1703 pubes
492 1645 673 1703 passa,
705 1632 764 1683 et
790 1626 950 1685 haud
977 1626 1152 1684 dubie
1179 1626 1255 1685 ad
1280 1627 1401 1684 vim
1430 1632 1685 1703 spectare
1712 1644 1802 1685 res
1828 1625 2022 1704 coepit.
2108 1628 2217 1685 Cui
2410 1440 2423 1725 l

283 1729 512 1800 tempus
556 1722 862 1800 locumque
909 1730 1111 1801 aptum
1159 1729 1228 1781 ut
1268 1722 1430 1782 daret
1468 1722 1768 1795 Romulus,
1816 1724 2217 1801 aegritudinem
2418 1726 2423 1859 Q

285 1820 464 1877 animi
491 1819 871 1892 dissimulanS,
902 1819 1072 1877 ludos
1105 1839 1174 1877 ex
1208 1820 1492 1878 industria
1522 1827 1688 1896 parat
1715 1820 1991 1898 Neptuno
2028 1842 2217 1899 eques·
2411 1862 2423 2201 j

2410 3362 2423 3391 a

2402 812 2423 852 ἦ

284 1918 360 1987 tri
381 1918 683 1977 sollemnes
703 1936 717 1991 3
757 1917 1068 1976 Consualia
1087 1924 1270 1975 vocat.
1343 1917 1530 1975 Indici
1552 1916 1761 1975 deinde
1782 1917 2045 1977 finitimis
2068 1940 2215 1997 spec·
2239 1928 2316 1979 20

283 2016 536 2074 taculum
564 2016 762 2094 jubet3
807 2023 1136 2094 quantoque
1165 2021 1442 2093 apparatu
1469 2021 1595 2072 tum
1634 2015 1888 2073 sciebant
1926 2024 2027 2075 aut
2064 2020 2230 2095 pote-'

285 2120 414 2169 rant
453 2112 866 2185 concelebrant,
897 2120 964 2171 ut
1002 2132 1121 2170 rem
1164 2112 1373 2170 claram
1416 2118 1797 2189 exspectatam
1806 2132 1915 2191 que
1949 2114 2216 2173 facerent.

287 2208 458 2266 Multi
484 2210 754 2267 mortales
781 2216 1110 2282 convenere,
1136 2210 1329 2267 studio
1358 2210 1531 2266 etiam
1561 2209 1823 2267 videndae
1852 2230 2017 2268 novae
2047 2212 2217 2283 urbis,

287 2306 534 2363 maxime
593 2306 843 2383 proximi
899 2306 1126 2383 quique,
1162 2304 1531 2365 Caeninenses
1580 2306 1937 2364 Crustumini
1984 2308 2223 2366 Antem-

287 2411 480 2461 nates:
523 2402 643 2480 jam
673 2401 1016 2461 Sabinorum
1061 2403 1249 2460 omnis
1276 2402 1591 2461 multitudo
1619 2423 1751 2461 cum
1779 2403 1972 2462 liberis
2000 2426 2065 2463 ac
2092 2426 2222 2463 con·
2241 2414 2315 2465 25

299 2500 534 2577 jugibus
562 2499 734 2557 venit.
821 2498 1059 2557 Invitati
1086 2499 1453 2583 hospitaliter
1485 2519 1589 2577 per
1623 2501 1845 2573 dOmoS,
1876 2521 2008 2559 cum
2047 2506 2221 2560 situm

286 2598 616 2674 moeniaque
665 2604 724 2654 et
765 2597 1127 2674 frequentem
1168 2598 1337 2655 tectis
1378 2596 1578 2655 urbem
1622 2598 1913 2670 vidissent,
1944 2600 2223 2658 mirantur

287 2701 408 2752 tam
446 2694 606 2752 brevi
639 2712 760 2751 rem
789 2692 1112 2763 Romanam
1148 2694 1405 2752 crevisse.
1490 2693 1615 2752 Ubi
1654 2696 1965 2771 spectaculi
1994 2704 2223 2773 tempus

289 2792 461 2864 venit,
493 2792 818 2869 deditaeque
847 2811 914 2849 eo
943 2799 1167 2851 mentes
1203 2811 1337 2849 cum
1372 2792 1553 2850 oculis
1592 2800 1769 2865 erant,
1800 2800 1923 2850 tum
1966 2814 2035 2851 ex
2073 2814 2225 2851 com-

287 2890 478 2967 posito
515 2896 640 2947 orta
666 2890 784 2960 vis;
829 2889 1108 2967 signoque
1137 2889 1275 2946 dato
1307 2888 1578 2985 juventus
1606 2889 1869 2947 Romana
1900 2891 1974 2947 ad
2006 2892 2224 2967 rapien-
2242 2900 2319 2951 30

289 2986 390 3044 das
423 2986 671 3064 virgines
705 2984 984 3045 discurrit.
1027 2990 1034 3000 ⁴
1071 2986 1283 3063 Magna
1314 3005 1447 3063 pars
1478 2987 1647 3057 forte,
1678 2988 1739 3044 in
1776 3006 1945 3064 quem
1982 2970 2223 3065 quaeque

287 3066 580 3157 inciderat,
606 3090 816 3167 raptae3
863 3082 1138 3161 quasdam
1159 3084 1351 3141 forma
1378 3082 1729 3154 excellenteS,
1754 3084 2101 3161 primoribus
2128 3094 2225 3162 pa-

286 3187 440 3239 trum
476 3181 802 3253 destinataS,
834 3200 903 3238 ex
935 3181 1102 3258 plebe
1134 3180 1416 3252 homineS,
1448 3180 1657 3257 quibus
1690 3179 1888 3238 datum
1922 3182 2225 3259 negotium

289 3284 424 3348 erat,
449 3276 654 3333 domos
688 3276 1037 3335 deferebant.
1121 3276 1337 3347 Unam,
1360 3275 1533 3354 longe
1574 3282 1707 3333 ante
1750 3276 1888 3334 alias
1930 3277 2116 3354 specie
2156 3296 2223 3334 ac

287 3371 712 3449 pulchritudine
746 3372 1047 3447 insignem,
1079 3391 1112 3429 a
1143 3371 1319 3447 globo
1351 3371 1632 3429 Thalassii
1665 3372 1965 3449 cujusdam
1998 3379 2221 3449 raptam
2244 3385 2316 3435 35

287 3467 500 3537 ferunt,
529 3465 840 3543 multisque
889 3467 1325 3538 sciscitantibuS,
1358 3468 1586 3524 cuinam
1636 3486 1761 3525 eam
1802 3469 2035 3539 ferrent,
2066 3454 2226 3527 iden-

289 3562 489 3632 tidem,
531 3578 606 3617 ne
655 3562 784 3637 quis
830 3561 1084 3633 violaret,
1120 3561 1416 3619 Thalassio
1456 3562 1594 3619 ferri
1643 3562 2035 3622 clamitatum:
2085 3564 2223 3623 inde

289 3656 606 3733 nuptialem
649 3655 796 3713 hanc
829 3675 1028 3713 vocem
1061 3658 1292 3715 factam.
1377 3655 1631 3715 Turbato
1672 3677 1777 3734 per
1814 3666 2035 3717 metum
2078 3660 2225 3718 ludi-

291 3770 406 3824 cro,
435 3752 624 3809 maesti
661 3757 924 3829 parentes
955 3752 1244 3829 virginum
1276 3752 1637 3829 profugiunt,-
1664 3753 1989 3813 incusantes
2022 3753 2223 3813 violati
