2459 3967
298 172 423 233 110
1123 188 1239 228 ‘rm
1283 189 1407 227 mvl
1980 164 2129 245 [Lm.
2154 168 2249 229 II-

297 330 434 389 tulit
483 332 558 389 ad
605 332 914 390 Romanos
1019 330 1078 388 N
1079 350 1286 409 amque
1333 329 1537 388 Attius
1584 330 1841 402 ClausuS,
1882 332 1976 388 cui
2030 338 2239 409 postea
2262 340 2335 393 10

297 428 496 506 Appio
531 428 773 486 Claudio
808 430 924 486 fuit
957 428 1161 486 Romae
1195 448 1424 500 nomen,
1458 448 1587 485 cum
1622 429 1778 505 pacis
1812 429 1933 506 ipse
1968 436 2169 485 auctor
2204 450 2240 487 a

298 525 690 585 turbatoribus
724 526 860 607 belli
886 532 1256 604 premeretur,
1280 544 1386 582 nec
1414 544 1519 601 par
1544 525 1787 582 factioni
1816 533 1978 596 esset,
2003 526 2074 582 ab
2104 526 2237 583 vico

300 622 543 701 Regillo,
569 643 780 700 magna
812 623 1106 681 clientium
1143 622 1451 679 comitatus
1483 641 1675 693 mann,
1707 622 1953 680 Romam
1987 624 2241 682 transfu-

299 721 402 798 git.
489 720 602 778 His
635 721 836 778 civitas
869 720 1006 777 data
1038 738 1285 797 agerque
1318 727 1475 776 trans
1506 719 1795 777 Anienem
1821 738 1834 777 :
1876 726 2040 778 vetus
2068 720 2240 777 Clau-

301 818 400 875 dia
437 818 636 890 tribuS‚
669 818 882 875 additis
923 827 1124 895 postea
1164 817 1330 874 novis
1370 817 1692 890 tribulibus,
1726 818 1825 895 qui
1867 838 1935 875 ex
1977 838 2045 875 eo
2084 818 2240 876 veni·
2262 830 2341 882 15
2433 872 2434 883 ,

301 924 430 975 rent
472 935 627 994 agm,
660 915 959 993 appellata.
1044 914 1291 991 Appius,
1322 915 1473 971 inter
1506 922 1697 991 patres
1730 915 1926 987 lectuS,
1956 915 2113 973 haud
2153 916 2241 973 ita

302 1014 486 1071 multo
529 1020 664 1091 post
696 1014 758 1070 in
795 1012 1122 1090 principum
1163 1012 1558 1089 dignationem
1598 1012 1872 1089 pervenit.
1958 1011 2240 1070 Consules

303 1111 518 1168 infesto
553 1110 804 1169 exercitu
838 1109 899 1166 in
932 1127 1132 1185 agrum
1167 1107 1447 1165 Sabinum
1480 1109 1745 1185 profecti,
1778 1127 1910 1166 cum
1943 1109 2025 1165 ita
2057 1115 2240 1165 vasta-

301 1208 478 1278 tione,
511 1207 645 1264 dein
687 1206 908 1283 proelio,
941 1204 1295 1263 adflixissent
1345 1224 1483 1283 opes
1531 1205 1805 1277 hostium,
1839 1213 1907 1263 ut
1948 1206 2049 1264 diu
2090 1205 2239 1263 nihil

303 1305 438 1362 inde
472 1303 796 1362 rebellionis
823 1304 1026 1362 timere
1055 1310 1308 1381 possent,
1333 1303 1755 1381 triumphantes
1783 1302 2030 1361 Romam
2061 1305 2240 1362 redie-
2260 1310 2338 1362 20

303 1408 453 1461 runt.
538 1401 604 1458 P.
630 1400 910 1473 Valerius,
947 1401 1209 1459 omnium
1254 1420 1533 1459 consensu
1574 1402 1842 1479 princeps
1878 1401 2015 1459 belli
2056 1403 2241 1480 pacis-

305 1518 416 1576 que
450 1497 683 1571 artibus‚
715 1518 866 1557 anno
901 1507 1050 1577 post,
1075 1500 1343 1578 Agrippa
1375 1501 1643 1559 Menenio
1679 1500 1744 1558 P.
1770 1500 2075 1558 Postumio
2106 1520 2241 1559 con-

305 1594 538 1668 sulibus,
562 1596 820 1669 moritur,
845 1596 1030 1674 gloria
1055 1597 1296 1674 ingenti,
1322 1598 1503 1675 copiis
1530 1597 1913 1655 familiaribus
1946 1599 2090 1656 adeo
2126 1600 2242 1657 exi-

303 1693 450 1771 guis,
474 1700 541 1752 ut
569 1694 759 1752 funeri
787 1700 1052 1771 sumptus
1081 1694 1303 1752 deesset
1326 1713 1339 1751 ε
1382 1695 1455 1752 de
1482 1693 1714 1771 publico
1746 1701 1831 1753 est
1860 1695 2044 1753 datuS.
2130 1695 2240 1754 Lu-

303 1811 434 1849 xere
461 1799 742 1875 matronae
770 1798 837 1849 ut
864 1792 1130 1849 Brutum.
1215 1792 1437 1850 Eodem
1468 1812 1619 1849 anno
1650 1792 1780 1850 duae
1816 1792 2058 1850 coloniae
2088 1793 2239 1851 Lati·
2258 1801 2331 1852 25

303 1909 411 1962 nae,
437 1890 704 1949 Pometia
736 1896 795 1947 et
823 1889 988 1962 Cora,
1013 1890 1087 1947 ad
1118 1889 1421 1948 Auruncos
1455 1889 1744 1949 deficiunt.
1830 1890 1981 1948 Cum
2009 1889 2240 1949 Aurun-

303 1986 386 2045 cis
425 1986 638 2045 bellum
672 1987 920 2059 initum3
964 1987 1210 2065 fusoque
1251 1987 1475 2064 ingenti
1512 1988 1779 2059 exercitu,
1812 1988 1912 2065 qui
1952 2008 2013 2046 se
2054 1988 2243 2066 ingre-

305 2083 596 2141 dientibus
629 2083 772 2142 fines
803 2084 1134 2142 consulibus
1167 2084 1439 2142 ferociter
1472 2084 1771 2157 obtulerat,
1804 2104 1975 2143 omne
2012 2085 2240 2144 Aurun-

305 2197 436 2236 cum
477 2180 692 2238 bellum
737 2180 1063 2239 Pometiam
1112 2180 1474 2258 compulsum
1519 2188 1622 2240 est.
1708 2182 1829 2240 Nec
1876 2183 2063 2261 magis
2104 2190 2239 2262 post

303 2275 572 2353 proelium
609 2296 777 2353 quam
809 2278 870 2334 in
903 2278 1108 2355 proelio
1141 2278 1397 2335 caedibus
1430 2285 1813 2356 temperatum
1846 2286 1970 2339 est:
2015 2287 2076 2338 et
2105 2281 2237 2338 caesi
2258 2281 2329 2333 30

305 2372 599 2449 aliquanto
629 2372 819 2448 plures
845 2381 1006 2431 erant
1035 2394 1206 2451 quam
1238 2375 1407 2451 capti,
1434 2382 1492 2433 et
1522 2381 1721 2453 captos
1749 2376 1961 2452 passim
1991 2377 2239 2435 trucida-

305 2474 525 2526 verunt.
612 2468 701 2526 Ne
739 2469 811 2526 ab
850 2470 1146 2529 obsidibus
1183 2472 1434 2549 quidem,
1468 2472 1565 2549 qui
1600 2473 1840 2529 trecenti
1883 2475 2105 2550 accepti
2138 2494 2238 2531 nu-

305 2584 467 2623 mero
501 2572 678 2638 erant,
701 2566 786 2623 ira
816 2566 952 2627 belli
983 2567 1277 2625 abstinuit.
1362 2568 1440 2626 Et
1471 2567 1582 2626 hoc
1616 2588 1766 2626 anno
1800 2568 2004 2627 Romae
2040 2570 2237 2628 trium-

355 3002 459 3045 war
481 3004 594 3047 with
623 3004 702 3046 the
823 2958 1018 3018 Secuti
1046 2960 1306 3018 consules
1328 2958 1533 3038 Opiter
1552 2960 1863 3039 Verginius
1892 2960 1989 3039 Sp.
2006 2960 2238 3021 Cassius

305 3072 508 3114 Aurunci
529 3071 706 3114 contin·
744 3056 1072 3116 Pometiam
1099 3058 1289 3135 primo
1312 3059 1370 3116 vi
1399 3057 1607 3116 deinde
1631 3058 1813 3117 vineis
1840 3058 2078 3136 aliisque
2108 3078 2238 3136 ope-

304 3138 704 3247 ztir-0333?
743 3153 902 3212 ribus
943 3162 1366 3231 oppugnarunt.
1457 3154 1525 3211 In
1571 3173 1714 3231 quos
1750 3155 2022 3227 Aurunci,
2053 3157 2238 3233 magis

306 3272 490 3321 crueity
503 3272 704 3314 towards
750 3249 869 3326 jam
903 3250 1238 3328 inexpiabili
1273 3250 1425 3322 odic,
1453 3270 1625 3328 quam
1660 3269 1759 3328 spe
1794 3250 1984 3329 aliqua
2016 3259 2117 3310 aut
2150 3272 2240 3311 oc-

308 3337 386 3377 ΨΘ
403 3337 702 3379 inhabitants.
749 3345 991 3417 casione,
1023 3347 1222 3417 coorti,
1257 3366 1389 3404 cum
1438 3345 1629 3423 plures
1675 3346 1814 3423 igni,
1848 3366 2019 3424 quam
2064 3349 2233 3420 ferr0,

309 3439 514 3494 armati
555 3440 1019 3511 excucurrissent‚
1050 3442 1206 3499 caede
1255 3441 1635 3518 incendioque
1681 3449 1889 3499 cuncta
1928 3444 2233 3521 complent.

309 3530 516 3587 Vineis
536 3532 801 3603 incensiS,
817 3534 1016 3593 multis
1035 3536 1292 3593 hostium
1310 3537 1617 3594 vulneratis
1633 3544 1692 3596 et
1710 3539 1926 3610 occisiS‚
1940 3541 2237 3597 consulum

313 3642 542 3701 quoque
575 3626 814 3682 alterum
853 3621 1073 3701 (verum
1106 3651 1319 3689 nomen
1348 3638 1607 3690 auctores
1633 3652 1750 3690 non
1780 3633 2087 3713 adjiciunt)
2118 3654 2238 3713 gra-

313 3718 371 3774 vi
399 3719 628 3777 vulnere
663 3739 731 3777 ex
766 3740 914 3797 equo
947 3723 1236 3802 dejectum
1269 3746 1449 3803 prope
1481 3727 1905 3788 interfecerunt.
1992 3730 2238 3789 Romam

305 2662 564 2742 phatum.
2412 2478 2435 2645 i

1169 2846 1368 2905 XVII.
2420 2640 2435 3215 ἶ

2296 3357 2324 3407 ⁵
2420 3252 2435 3643 1

2422 3672 2435 3915 -2

2432 2076 2434 2087 4

2429 2184 2435 2469 l
