2459 3967
275 179 400 246 180
1097 196 1212 235 τιτι
1254 195 1380 235 1.1v1
1863 172 2018 251 [Lm.
2037 176 2213 235 XXL

274 334 474 415 vestri)
503 346 736 397 cautum
765 343 867 395 est.
952 336 1038 395 At
1064 337 1218 395 enim
1248 356 1319 395 eo
1346 336 1581 408 foedere,
1608 336 1766 414 quod
1792 356 1927 395 cum
1955 337 2219 395 Hasdru-

275 436 402 493 bale
435 436 613 495 ietum
650 442 752 506 est,
778 434 1084 511 Saguntini
1119 434 1497 511 excipiuntur.
1582 433 1876 493 Adversus
1911 436 2071 513 quod
2104 455 2218 513 ego

275 533 422 595 nihil
450 533 706 591 dicturus
735 551 879 604 sum,
899 532 1012 590 nisi
1039 532 1197 609 quod
1223 550 1261 589 a
1288 531 1450 590 vobis
1477 530 1689 589 didici:
1728 551 1833 589 vos
1861 534 2035 605 enim,
2056 534 2221 611 quod
2241 543 2332 595 30

277 630 343 690 C.
361 629 624 688 Lutatius
661 629 860 688 consul
893 630 1082 706 primo
1114 628 1417 687 nobiscum
1450 629 1645 689 foedus
1676 628 1836 702 fecit,
1862 631 1999 708 quia
2028 634 2221 709 neque

277 727 616 787 auctoritate
649 733 880 804 patrum
907 745 1012 783 nec
1041 724 1245 803 populi
1270 725 1433 802 jussu
1460 725 1639 783 ictum
1670 733 1807 798 erat,
1832 728 2095 805 negastis.
2107 746 2220 785 vos

278 844 348 883 eo
386 825 606 883 teneri:
649 825 842 901 itaque
887 823 1046 882 aliud
1088 823 1160 882 de
1205 824 1430 901 integro
1467 823 1669 881 foedus·
1701 825 1937 902 publico
1974 826 2219 883 consilio

279 923 460 979 ictum
491 928 593 979 est.
679 920 742 978 Si
769 940 872 978 vos
899 939 1018 978 non
1045 926 1247 977 tenent
1272 919 1495 979 foedera
1521 928 1709 979 vestra
1735 922 1849 979 nisi
1876 942 1946 979 ex
1974 923 2221 980 auctori-

278 1026 399 1077 tate
426 1025 526 1076 aut
546 1017 708 1096 jussu
734 1024 923 1076 vestro
952 1017 1082 1089 icta,
1102 1036 1175 1074 ne
1202 1036 1310 1074 nos
1339 1017 1572 1095 quidem
1597 1017 1977 1077 Hasdrubalis
2003 1019 2218 1090 foedus,
2244 1030 2335 1080 35
2441 1036 2442 1043 ³

281 1115 438 1191 quod
471 1114 639 1171 nobis
671 1113 865 1171 insciis
901 1113 1058 1185 fecit,
1089 1111 1345 1190 obligare
1377 1114 1587 1191 potuit.
1671 1114 1926 1173 Proinde
1961 1116 2221 1173 omittite

281 1211 526 1287 Sagunti
552 1218 726 1288 atque
754 1210 906 1269 Iberi
937 1210 1293 1269 mentionem
1322 1212 1527 1282 facere,
1552 1218 1626 1283 et,
1652 1212 1811 1289 quod
1842 1212 1945 1275 diu
1971 1213 2223 1289 parturit

281 1307 507 1370 animus
540 1314 740 1378 vester,
770 1307 1078 1385 aliquando
1119 1307 1360 1386 pariat.''
1444 1307 1596 1365 Tum
1637 1307 1950 1380 Romanus,
1981 1309 2110 1366 sinu
2148 1325 2223 1366 ex

281 1396 422 1480 toga
446 1403 622 1475 factO,
645 1402 678 1430 “
693 1402 788 1461 hic
807 1402 1055 1482 ”inquit
1078 1404 1298 1464 “vobis
1325 1404 1541 1464 bellum
1568 1412 1627 1465 et
1653 1424 1855 1482 pacem
1885 1413 2221 1483 portamusg

281 1505 478 1557 utrum
509 1498 712 1576 placet,
745 1500 1009 1561 sumite.'’
1093 1501 1215 1560 Sub
1248 1502 1397 1561 hanc
1430 1520 1630 1559 vocem
1664 1501 1822 1559 haud
1846 1501 2039 1558 minus
2071 1501 2227 1559 fero·-
2244 1504 2336 1558 40

283 1597 440 1669 citer,
464 1596 628 1655 daret
657 1602 854 1656 utrum
891 1598 1078 1670 vellet,
1109 1598 1518 1657 succlamatum
1558 1604 1660 1656 est.
1745 1590 1825 1655 Et
1862 1617 1995 1655 cum
2032 1586 2097 1655 iss
2116 1598 2227 1657 ite-

283 1712 413 1753 rum
447 1694 577 1753 sinu
611 1694 796 1753 effuso
823 1694 1038 1753 bellum
1071 1696 1207 1753 dare
1242 1696 1495 1768 dixisset,
1520 1694 1775 1771 accipere
1812 1713 1871 1751 se
1906 1712 2107 1751 omnes
2138 1714 2228 1753 re·

285 1791 657 1871 spondemnt,
685 1798 759 1864 et,
783 1791 992 1869 quibus
1019 1792 1343 1869 acciperent
1372 1791 1595 1863 animis,
1619 1790 1804 1849 isdem
1834 1810 1893 1849 se
1919 1797 2199 1869 gesturos.

1162 1972 1333 2031 XIX.

335 2100 598 2170 (3deoe
628 2125 682 2167 or
807 2086 957 2145 Haec
1011 2086 1228 2145 directa
1280 2084 1675 2162 percunctatio
1736 2104 1802 2143 ac
1857 2084 2222 2145 denuntiatio

287 2192 400 2245 Livy
421 2205 482 2235 on
509 2194 588 2237 the
613 2193 690 2235 sa·
729 2183 865 2242 belli
909 2184 1094 2261 magis
1138 2202 1207 2240 ex
1253 2182 1534 2259 dignitate
1578 2181 1781 2259 populi
1818 2181 2067 2238 Romani
2099 2182 2225 2239 visa

286 2260 594 2367 ξΐὲῗῗτῖἒ
603 2270 694 2366 {22
733 2288 836 2353 est,
868 2299 1040 2357 quam
1075 2279 1148 2337 de
1180 2278 1464 2337 foederum
1498 2277 1623 2353 jure
1657 2277 1845 2335 verbis
1883 2277 2221 2355 disceptare,

287 2402 397 2435 man
459 2392 690 2434 ambassa-
729 2396 862 2435 cum
891 2383 1040 2448 ante,
1060 2381 1186 2432 tum
1214 2375 1465 2431 maxime
1494 2372 1753 2451 Sagunto
1782 2375 1981 2431 excisa.
2067 2374 2125 2431 Ν
2125 2394 2223 2431 am

288 2459 426 2568 3⁰2¹]
439 2470 570 2567 Ρῖῗᾱ
588 2459 690 2567 Ῐὲζῗ
731 2474 779 2531 si
811 2471 1116 2531 verborum
1155 2469 1591 2548 disceptationis
1622 2488 1713 2528 res
1750 2476 1913 2541 esset,
1944 2470 2084 2547 quid
2115 2470 2225 2528 foe-
2294 2478 2335 2528 5

289 2537 460 2634 agavo’r
477 2592 589 2634 with
606 2592 690 2633 but
731 2568 838 2628 dus
879 2567 1259 2627 Hasdrubalis
1306 2586 1441 2624 cum
1488 2565 1707 2624 Lutatii
1751 2566 1941 2643 priore
1982 2566 2221 2639 foedere,

289 2658 409 2701 lituo
435 2670 614 2701 ³⁰⁰⁰⁸⁸⁸
638 2662 689 2701 ¹²⁰
732 2664 890 2742 quod
930 2672 1220 2723 mutatum
1273 2670 1374 2735 est,
1414 2662 1865 2740 comparandum
1912 2669 2048 2734 erat,
2089 2681 2224 2720 cum

289 2727 489 2845 21:³25,ssss
505 2727 695 2836 ἳῐῑῖιθί
733 2762 794 2819 in
825 2760 1044 2819 Lutatii
1069 2760 1289 2819 foedere
1324 2760 1534 2817 diserte
1568 2758 1829 2816 additum
1859 2766 2023 2830 esset,
2047 2758 2129 2817 ita
2159 2758 2226 2816 id

291 2861 442 2939 troni
469 2862 547 2903 the
577 2862 692 2937 ΡΜ·
731 2852 920 2916 ratum
953 2858 1096 2929 fore,
1121 2857 1169 2914 si
1201 2856 1455 2933 populus
1490 2855 1837 2924 censuisset,
1880 2854 1941 2911 in
1970 2854 2227 2913 Hasdru-

289 2928 530 2981 thagmian
549 2928 664 2971 '⁵¹⁶⁶'
730 2954 876 3012 balis
902 2953 1120 3012 foedere
1152 2972 1258 3010 nec
1288 2958 1591 3029 exceptum
1610 2950 1732 3015 ,tale
1762 2950 2075 3028 quidquam
2102 2950 2227 3007 fue-
2249 2960 2333 3013 10

289 3055 383 3127 rit,
408 3060 466 3113 et
493 3060 584 3113 tot
611 3072 892 3111 annorum
921 3049 1148 3109 silentio
1181 3050 1265 3107 ita
1291 3050 1423 3107 vivo
1451 3068 1520 3107 eo
1549 3048 1989 3126 comprobatum
2017 3048 2092 3105 sit
2118 3048 2227 3107 foe-

291 3151 415 3224 duS‚
456 3158 524 3209 ut
565 3171 640 3209 ne
682 3156 913 3207 mortuo
959 3147 1194 3226 quidem
1244 3152 1475 3204 auctore
1525 3145 1840 3223 quidquam
1888 3151 2220 3203 mutaretur.

292 3246 671 3324 Quamquam,
696 3253 757 3305 et
797 3246 845 3302 si
876 3244 1066 3322 priore
1107 3243 1325 3303 foedere
1368 3248 1627 3314 staretur,
1660 3242 1797 3299 satis
1838 3247 2071 3299 cautum
2104 3248 2226 3299 erat

293 3340 643 3415 SaguntiniS,
685 3342 854 3400 sociis
896 3347 1272 3418 utrorumque
1316 3340 1605 3416 exceptis:
1654 3357 1790 3397 nam
1837 3357 2023 3415 neque
2066 3338 2226 3397 addi-

293 3439 420 3501 tum
461 3440 583 3489 erat
613 3436 684 3491 iis
718 3436 818 3511 qui
850 3442 988 3493 tunc
1023 3442 1225 3505 essent,
1257 3452 1361 3493 nec
1394 3453 1467 3492 ne
1502 3434 1603 3512 qui
1632 3441 1834 3511 postea
1864 3433 2225 3495 adsumeren-
2248 3440 2323 3492 15

294 3530 417 3581 tur:
461 3530 520 3580 et
547 3544 678 3581 cum
705 3529 1000 3587 adsumere
1027 3549 1208 3588 novos
1235 3529 1430 3588 liceret
1458 3530 1658 3602 sociOS,
1680 3531 1809 3607 quis
1836 3549 2068 3607 aequum
2097 3550 2225 3589 cen-

296 3624 444 3673 seret
464 3624 564 3673 aut
591 3619 665 3674 ob
692 3620 850 3678 nulla
875 3642 1219 3701 quemquam
1247 3626 1454 3684 merita
1478 3626 1541 3683 in
1566 3626 1879 3696 amicitiam
1907 3628 2101 3704 recipi,
2122 3634 2224 3686 aut

295 3717 556 3786 receptos
587 3712 648 3768 in
681 3713 852 3773 fidem
887 3736 1004 3777 non
1037 3721 1314 3779 defendi?
1393 3722 1645 3781 Tantum
1682 3742 1755 3783 ne
1788 3722 2221 3799 Carthaginien-

2440 2916 2442 3017 l

2440 3214 2442 3301 l
