2459 3967
313 240 440 306 178
1134 259 1251 297 ’rm
1293 258 1416 308 law
1902 232 2054 312 [Lm.
2077 238 2255 297 XXI.

315 418 487 477 quam
518 399 892 458 consulerent.
967 398 1117 457 Nam
1147 418 1333 477 neque
1361 397 1589 456 hostem
1623 398 1901 457 acriorem
1934 398 2260 456 bellicosio-

313 516 548 574 remque
578 516 768 553 secum
799 515 1185 573 congressum,
1209 516 1315 553 nec
1343 514 1463 553 rem
1492 494 1814 553 Romanam
1843 502 1963 553 tam
1994 495 2256 552 desidem
2284 503 2370 554 10

314 613 589 672 umquam
624 594 802 651 fuisse
845 599 1017 670 atque
1049 592 1357 650 imbellem.
1444 592 1656 651 Sardos
1689 591 2014 670 Corsosque
2054 598 2114 651 et
2145 592 2259 649 Hi-

315 699 463 749 stros
490 698 662 769 atque
685 690 913 767 Illyrios
934 688 1221 747 lacessisse
1250 690 1434 766 magis
1457 709 1628 766 quam
1652 690 1967 747 exercuisse
1988 689 2258 747 Romana

316 806 488 859 anna,
512 796 571 845 et
597 806 729 845 cum
751 786 931 843 Gallis
963 785 1381 843 tumultuatum
1410 786 1597 843 verius
1632 804 1803 863 quam
1832 785 2251 862 belligeratum.

315 885 563 943 Poenum
597 884 826 942 hostem
863 889 1211 955 veteranum,
1237 883 1413 940 trium
1448 889 1507 941 et
1539 883 1747 959 viginti
1782 901 2062 939 annorum
2103 883 2257 940 mili-
2440 931 2443 997 ⁴

315 983 397 1041 tia
429 980 733 1042 durissima
764 981 919 1039 inter
952 979 1244 1056 Hispanas
1284 986 1486 1056 gentes
1528 997 1753 1056 semper
1792 979 2085 1051 victorem,
2116 980 2255 1038 duci
2282 988 2369 1040 15
2441 1010 2442 1015 ¹

315 1080 592 1137 acerrimo
633 1079 953 1149 adsuetum,
985 1083 1274 1137 recentem
1314 1075 1387 1133 ab
1420 1076 1644 1133 excidio
1679 1075 2129 1152 opulentissimae
2164 1097 2256 1134 ur-

314 1175 405 1234 bis
433 1176 663 1233 Iberum
691 1174 967 1247 transire3
1009 1171 1235 1231 trahere
1266 1192 1457 1230 secum
1484 1179 1577 1231 tot
1605 1173 1822 1230 excitos
1850 1170 2255 1249 Hispanorum

314 1272 579 1349 populos,
611 1272 970 1330 conciturum
1013 1270 1208 1328 avidas
1250 1287 1477 1349 semper
1516 1288 1805 1327 armorum
1838 1268 2086 1327 Gallicas
2118 1290 2258 1347 gen-

313 1375 435 1425 tes:
479 1387 611 1425 cum
650 1368 787 1427 orbe
825 1374 1104 1427 terrarum
1135 1366 1354 1427 bellum
1392 1365 1759 1444 gerendum
1743 1384 1803 1423 m
1838 1364 2007 1424 Italia
2046 1386 2113 1424 ac
2147 1387 2255 1445 pro

315 1464 602 1523 moenibus
629 1465 907 1523 Romanis
935 1485 1073 1525 esse.
2276 1474 2359 1527 20
2442 1468 2445 1583 J

1178 1643 1380 1703 XVII.
2442 1598 2445 1713 l

353 1814 713 1867 Arrangements
835 1757 1165 1816 Nominatae
1199 1758 1321 1836 jam
1364 1765 1534 1818 antea
1565 1757 1895 1817 consulibus
1936 1758 2254 1836 provinciae

312 1881 447 1923 made
461 1881 611 1933 hythe
624 1881 715 1923 Ro·
756 1861 934 1927 erant,
969 1862 1097 1913 tum
1148 1855 1340 1913 sortiri
1386 1855 1544 1932 jussi.
1631 1854 1900 1913 Cornelio
1946 1855 2253 1933 Hispania,

311 1958 444 1990 “²⁸⁰³
479 1948 716 2001 against
757 1951 1099 2029 Sempronio
1128 1950 1333 2008 Africa
1366 1971 1495 2010 cum
1528 1950 1723 2009 Sicilia
1756 1952 1961 2011 evenit.
2048 1951 2209 2010 Sex
2192 1973 2254 2010 111

312 2016 392 2057 the
411 2014 498 2056 τοῦ
755 2066 889 2107 eum
917 2067 1133 2105 annum
1161 2047 1406 2105 decretae
1436 2048 1709 2126 legioneS‚
1735 2055 1793 2107 et
1822 2050 2045 2107 socium
2078 2069 2258 2127 quan-

311 2152 441 2203 tum
475 2146 616 2223 ipsis
657 2146 962 2216 videretur,
987 2151 1046 2203 et
1080 2144 1275 2201 classis
1315 2151 1530 2222 quanta
1560 2146 1748 2222 parari
1782 2153 1990 2223 posset.
2076 2146 2256 2215 Quat-
2319 2157 2354 2207 5
2445 2196 2446 2201 ,

311 2248 445 2299 tuor
479 2248 538 2299 et
569 2243 778 2319 viginti
810 2241 1073 2320 peditum
1107 2241 1503 2299 Romanorum
1545 2229 1705 2299 milia
1746 2244 1958 2320 scripta
1998 2250 2057 2301 et
2093 2244 2255 2301 mille

314 2339 633 2414 octingenti
652 2340 888 2416 equites,
909 2338 1194 2396 sociorum
1215 2338 1596 2417 quadraginta
1613 2340 1774 2397 milia
1791 2340 2070 2417 peditum,
2092 2346 2255 2418 quat-

312 2442 446 2492 tuor
482 2435 641 2492 milia
680 2442 741 2493 et
782 2435 1186 2514 quadringenti
1221 2436 1481 2514 equites3
1531 2454 1705 2494 naves
1744 2436 2005 2494 ducentae
2041 2437 2252 2514 viginti

314 2530 767 2608 quinqueremes,
799 2532 1015 2589 celoces
1042 2530 1254 2608 viginti
1282 2531 1561 2590 deductae.
1647 2532 1857 2590 Latum
1886 2532 2021 2590 inde
2048 2533 2123 2590 ad
2149 2552 2254 2610 po-

312 2628 532 2705 pulum,
570 2628 781 2686 vellent
821 2628 1088 2704 juberent
1129 2630 1350 2706 populo
1396 2628 1857 2707 Carthaginiensi
1903 2629 2118 2687 bellum
2168 2631 2251 2687 in·
2274 2636 2351 2688 10

314 2725 466 2782 dici:
513 2724 752 2802 ejusque
783 2724 922 2783 belli
959 2746 1130 2784 causa
1170 2726 1515 2803 supplicatio
1550 2746 1653 2804 per
1688 2726 1887 2784 urbem
1925 2727 2138 2799 habita,
2170 2733 2252 2785 at-

315 2840 425 2899 que
468 2821 691 2880 adorati
725 2822 824 2896 dii,
855 2831 922 2883 ut
954 2823 1101 2886 bene
1143 2843 1239 2891 ae
1251 2824 1497 2882 feliciter
1537 2826 1803 2896 eveniret,
1837 2825 1994 2903 quod
2032 2824 2247 2883 bellum

312 2919 561 2997 populus
581 2920 918 2979 Romanus
897 2922 1168 3003 jussisse
1209 2920 1401 2991 Inter
1420 2922 1681 2980 consules
1708 2922 1791 2979 ita
1810 2922 1994 2999 copiae
2018 2921 2247 2980 divisae.

312 3016 656 3095 Sempronio
691 3018 842 3075 datae
877 3017 1137 3095 legione
1208 3036 1298 3075 uae
1337 3012 1430 3092 (ea
1464 3024 1737 3095 quaterna
1768 3018 1930 3075 milia
1961 3004 2122 3076 erant
2154 3038 2251 3096 pe-

312 3114 501 3173 ditum
536 3121 595 3174 et
627 3113 843 3173 treceni
877 3116 1142 3191 equiteS‚
1175 3121 1236 3171 et
1277 3114 1561 3172 sociorum
1605 3114 1853 3173 sedecim
1892 3114 2055 3172 milia
2091 3116 2249 3193 pedi·
2271 3122 2347 3173 15

311 3219 455 3284 tum,
476 3211 698 3289 equites
724 3212 881 3270 mille
911 3212 1248 3289 octingenti,
1268 3230 1440 3268 naves
1460 3211 1649 3288 longae
1673 3219 1905 3269 centum
1934 3213 2245 3290 sexaginta,

313 3308 530 3363 celoces
558 3308 880 3366 duodecim.
953 3306 1102 3366 Cum
1124 3308 1215 3365 his
1236 3308 1597 3366 terrestribus
1624 3309 2043 3386 maritimisque
2064 3310 2248 3386 copiis

313 3400 440 3456 Tib.
459 3399 834 3477 Sempronius
861 3404 1068 3460 missus
1095 3405 1156 3460 in
1187 3403 1459 3475 Siciliam,
1479 3404 1562 3461 ita
1588 3405 1649 3461 in
1672 3404 1934 3462 Africam
1956 3407 2249 3463 transmis-

316 3512 494 3563 surm,
520 3495 568 3549 si
601 3496 676 3551 ad
703 3499 1010 3555 arcendum
1038 3499 1206 3556 Italia
1232 3500 1480 3556 Poenum
1516 3501 1714 3558 consul
1743 3500 1885 3559 alter
1912 3502 2051 3559 satis
2079 3509 2243 3561 esset.

316 3586 586 3643 Cornelio
618 3590 810 3646 minus
843 3596 1136 3669 copiarum
1172 3596 1389 3666 datum,
1415 3597 1551 3672 quia
1582 3598 1644 3655 L.
1666 3598 1913 3656 Manlius
1946 3607 2163 3676 praetor
2188 3607 2246 3658 et
2266 3606 2339 3657 20

315 3680 440 3755 ipse
489 3699 619 3737 cum
668 3682 824 3739 haud
871 3686 1123 3745 invalido
1173 3691 1445 3765 praesidio
1490 3692 1547 3747 in
1594 3692 1839 3750 Galliam
1888 3693 2241 3753 mittebatur.

319 3773 564 3829 Navium
608 3778 854 3832 maxime
897 3780 1164 3839 Cornelio
1210 3804 1481 3843 numerus
1530 3788 1897 3845 deminutus:
1949 3790 2246 3867 sexaginta
