2459 3967
320 195 450 258 222
1146 213 1264 254 'rm
1303 213 1432 254 uvr
1915 190 2073 271 [Lm.
2097 195 2304 255 XXI.
2377 137 2379 182 Ε

1210 437 1367 496 LIX.

356 579 723 631 mmmmm.
842 550 1150 629 Digressus
1198 551 1512 629 Apennino
1567 558 1720 611 retro
1777 553 1853 612 ad
1899 552 2296 612 Placentiam

320 648 421 699 ing
466 647 721 689 desoendod
762 654 947 705 castra
992 649 1193 720 movit,
1229 655 1290 706 et
1344 649 1420 707 ad
1466 649 1666 708 decem
1713 650 1877 708 milia
1923 670 2296 730 progressus

321 714 722 831 Ξίἳε,ᾞζζί,ρῖᾞ
762 745 1039 804 consedit.
1125 745 1369 804 Postero
1411 745 1505 804 die
1547 745 1857 804 duodecim
1899 747 2062 805 milia
2107 748 2295 824 pedi-

320 857 473 898 camp
508 846 629 890 back
658 851 725 890 to-
764 848 909 913 tum,
934 842 1189 920 quinque
1222 843 1486 920 equitum
1519 843 1788 901 adversus
1815 843 2042 901 hostem
2082 844 2288 902 ducit.

320 925 404 1023 g:
414 913 727 1024 fflgkffffissss]
768 939 891 998 Nec
920 938 1296 1016 Sempronius
1325 939 1524 996 consul
1555 934 1700 1017 (jam
1729 940 1884 998 enim
1913 939 2172 998 redierat
2205 940 2288 998 ab
2355 939 2383 992 5

320 1048 483 1090 -The
522 1048 726 1090 Romans
768 1032 978 1112 Roma)
1004 1033 1344 1093 detractavit
1371 1043 1690 1094 certamen:
1727 1043 1900 1114 atque
1929 1055 1997 1094 eo
2027 1036 2128 1095 die
2161 1036 2291 1095 tria

322 1115 725 1234 3ζέξίὲὲῖᾶᾙῖ
765 1132 927 1190 milia
946 1150 1218 1208 passuum
1241 1132 1392 1189 inter
1413 1131 1548 1189 bina
1569 1139 1754 1190 castra
1773 1133 1951 1191 fuere.
2015 1133 2286 1191 Postero

322 1247 607 1289 -Hannibal
640 1247 726 1288 sal·
768 1229 859 1287 die
886 1227 1220 1305 ingentibus
1249 1228 1472 1300 animis,
1497 1229 1654 1286 vario
1683 1235 1911 1301 eventu,
1935 1236 2284 1307 pugnatum

322 1314 725 1422 {ffgmf‘ffssigf‘c‘ss
768 1331 867 1382 est.
954 1324 1153 1382 Primo
1188 1343 1470 1382 concursu
1503 1325 1646 1383 adeo
1679 1345 1770 1384 res
1803 1325 2067 1384 Romana
2101 1346 2284 1404 supe-

322 1448 431 1489 but
450 1410 462 1422 ⁰
478 1447 725 1489 indecisive
766 1421 883 1478 rior
908 1421 1040 1492 fuit,
1065 1427 1131 1478 ut
1158 1439 1278 1478 non
1306 1421 1427 1478 acie
1454 1421 1750 1480 vincerent
1778 1422 1982 1494 solum,
2009 1421 2114 1479 sed
2141 1424 2277 1500 pul·
2307 1431 2376 1481 10

324 1519 727 1622 ἓῖξὲἰῖἓξέἑῶ
768 1536 861 1574 sos
880 1517 1075 1576 hostes
1103 1518 1163 1574 in
1192 1525 1379 1575 castra
1405 1525 1894 1595 persequerentur,
1919 1537 2056 1575 mox
2079 1527 2279 1578 castra

326 1659 495 1699 among
507 1649 584 1689 the
596 1648 729 1700 Ligu·
770 1633 997 1692 quoque
1044 1621 1462 1692 oppugnarent.
1549 1613 1860 1686 Hannibal,
1890 1615 2090 1692 paucis
2135 1635 2277 1693 pro-

325 1716 489 1793 trans,
520 1715 728 1768 sempro—
769 1710 1191 1789 pugnatoribus
1218 1711 1280 1767 in
1301 1710 1450 1768 vallo
1478 1711 1776 1789 portisque
1796 1712 2020 1789 positiS,
2041 1718 2273 1771 ceteros

325 1794 430 1826 ”¹¹¹⁸
450 1785 499 1825 ω
517 1783 650 1826 Luca.
768 1807 1060 1866 confertos
1094 1807 1155 1864 in
1188 1807 1382 1865 media
1413 1813 1598 1865 castra
1628 1807 1861 1884 recepit,
1893 1808 2270 1885 intentosque

328 1908 557 1986 signum
594 1905 667 1964 ad
704 1905 1120 1982 erumpendum
1155 1911 1410 1982 spectare
1445 1905 1624 1982 jubet.
1707 1904 1746 1963 J
1749 1924 1842 1962 am
1884 1923 2038 1962 nona
2077 1905 2266 1964 ferme
2292 1914 2369 1965 15

326 2005 443 2063 diei
476 2005 619 2063 hora
658 2010 795 2075 erat,
826 2021 959 2060 cum
994 2001 1290 2060 Romanus
1333 2002 1722 2080 nequidquam
1765 2003 2013 2080 fatigato
2055 2001 2260 2076 milite,

326 2109 633 2181 postquam
667 2100 823 2160 nulla
855 2120 986 2178 spes
1018 2108 1139 2158 erat
1172 2100 1444 2178 potiundi
1487 2101 1701 2171 castris,
1733 2099 1963 2177 signum
2004 2102 2262 2177 receptui

326 2199 503 2256 dedit.
590 2197 761 2267 Quod
794 2195 894 2254 ubi
924 2196 1219 2254 Hannibal
1254 2197 1491 2274 accepit,
1516 2196 1878 2274 laxatamque
1911 2215 2164 2274 pugnam
2199 2205 2259 2255 et

326 2313 609 2352 recessum
643 2313 677 2351 a
707 2293 905 2352 castris
934 2293 1097 2366 vidit,
1124 2294 1413 2372 extemplo
1448 2293 1739 2371 equitibus
1771 2293 1973 2351 dextra
2003 2293 2253 2371 laevaque

327 2390 549 2448 emissis
580 2392 642 2449 in
674 2390 919 2463 hostem,
950 2391 1072 2468 ipse
1110 2409 1244 2449 cum
1276 2390 1536 2469 peditum
1573 2390 1778 2448 robore
1815 2389 2024 2448 mediis
2059 2390 2250 2448 castris
2269 2394 2350 2447 20

328 2487 532 2564 erupit.
616 2487 823 2564 Pugna
865 2507 992 2546 raro
1037 2488 1223 2565 magis
1269 2488 1386 2545 ulla
1435 2507 1586 2546 saeva
1633 2495 1694 2546 et
1739 2488 2035 2565 utriusque
2076 2488 2252 2564 partis

326 2584 578 2663 pernicie
611 2583 813 2642 clarior
844 2586 1065 2657 fuisset,
1098 2585 1147 2643 si
1180 2585 1414 2644 extendi
1447 2603 1573 2642 eam
1607 2584 1730 2643 dies
1767 2585 1830 2642 in
1861 2585 2096 2661 longum
2129 2603 2251 2660 spa-

327 2682 476 2739 tium
519 2681 755 2740 sivisset.
841 2682 973 2740 Nox
1016 2702 1318 2741 accensum
1365 2681 1696 2758 ingentibus
1741 2682 1948 2740 animis
1987 2679 2248 2758 proelium

328 2779 571 2836 diremit.
637 2777 839 2856 Itaque
868 2780 1049 2837 acrior
1076 2798 1384 2838 concursus
1411 2779 1528 2837 fuit
1557 2799 1729 2856 quam
1757 2778 1978 2850 caedes3
2022 2783 2080 2836 et
2105 2778 2248 2836 sicut

329 2882 555 2953 aequata
580 2877 763 2934 ferme
791 2895 987 2954 pugna
1014 2883 1149 2949 erat,
1174 2876 1258 2934 ita
1285 2875 1444 2934 clade
1473 2877 1598 2954 pari
1627 2876 1940 2933 discessum
1975 2881 2074 2933 est.
2153 2875 2245 2932 Ab
2265 2884 2339 2936 25

326 2981 529 3033 neutra
553 2980 715 3052 parte
744 2975 1023 3032 sexcentis
1042 2973 1173 3053 plus
1200 2973 1510 3051 peditibus,
1535 2981 1594 3032 et
1615 2973 1924 3032 dimidium
1953 2972 2076 3050 ejus
2103 2975 2247 3050 equi-

326 3078 453 3129 tum
482 3071 705 3130 cecidit.
780 3070 894 3129 Sed
915 3071 1102 3148 major
1128 3070 1407 3128 Romanis
1438 3090 1608 3148 quam
1638 3090 1744 3148 pro
1773 3089 2013 3128 numero
2039 3069 2246 3148 jactura

325 3169 457 3241 fuit,
485 3170 619 3247 quia
652 3169 928 3246 equestris
964 3167 1180 3226 ordinis
1212 3168 1436 3246 aliquot
1468 3173 1527 3226 et
1559 3167 1779 3225 tribuni
1809 3167 2063 3225 militum
2097 3168 2243 3244 quin-

328 3285 438 3340 que
476 3273 535 3324 et
572 3265 835 3344 praefecti
878 3265 1163 3322 sociorum
1203 3272 1322 3323 tres
1363 3270 1497 3322 sunt
1537 3264 1844 3322 interfecti.
1931 3264 2238 3322 Secundum

328 3377 454 3414 eam
488 3379 741 3435 pugnam
770 3360 1063 3418 Hannibal
1097 3362 1157 3417 in
1191 3360 1446 3438 LigureS,
1479 3360 1854 3438 Sempronius
1882 3360 2092 3418 Lucam
2123 3378 2239 3418 con·
2259 3368 2329 3420 30

328 3453 511 3508 cessit.
571 3455 848 3513 Venienti
876 3457 936 3513 in
960 3456 1197 3532 Ligures
1220 3456 1535 3515 Hannibali
1562 3476 1667 3534 per
1695 3457 1931 3515 insidias
1959 3457 2237 3534 intercepti

329 3545 445 3600 duo
476 3554 786 3619 quaestores
814 3550 1077 3622 Romani,
1099 3552 1162 3610 O.
1190 3551 1423 3610 Fulvius
1451 3558 1510 3609 et
1537 3552 1599 3610 L.
1621 3552 1936 3625 Lucretius,
1961 3571 2090 3610 cum
2117 3552 2237 3610 duo-

328 3636 437 3692 bus
457 3638 702 3694 tribunis
724 3641 989 3716 militum,
1012 3653 1070 3702 et
1092 3649 1346 3725 quinque
1367 3649 1645 3725 equestris
1674 3649 1910 3722 ordinis,
1931 3655 2234 3708 senatorum

330 3730 511 3787 ferme
543 3731 751 3802 liberis,
778 3752 891 3809 quo
924 3741 1109 3815 magis
1142 3756 1325 3801 ratam
1359 3744 1486 3803 fore
1520 3764 1652 3804 cum
1685 3746 1757 3804 iis
1789 3765 1993 3824 pacem
2026 3748 2233 3808 societa-

330 3830 564 3901 temque
591 3827 860 3900 crederet,
884 3832 1201 3896 traduntur.
2249 3850 2316 3904 35
