2459 3967
238 218 388 279 Gar.
414 215 522 296 X.]
810 235 888 274 AB
931 235 1088 275 unna
1133 234 1397 275 coum-ra
1441 235 1617 275 unm.
2095 211 2180 279 37

239 379 484 458 hospitii
517 377 728 450 foedus,
759 376 1044 454 deumque
1085 379 1433 449 invocantcS,
1464 376 1629 455 cujus
1670 377 1743 435 ad
1784 376 2060 435 sollemne
2102 375 2183 431 lu·
2204 380 2281 435 40

213 482 226 493 ’
242 478 482 555 desque,
512 495 616 555 per
643 476 732 533 fas
758 494 824 533 ac
852 474 1026 533 fidem
1054 474 1301 552 decepti,
1331 475 1633 533 venissent.
1674 474 1839 565 ,xNec
1873 474 2051 551 raptis
2084 479 2185 529 aut

244 594 378 653 spes
411 574 485 633 de
525 592 586 631 se
617 572 821 631 melior
860 578 961 630 ant
993 570 1319 649 indignatio
1360 578 1447 629 est
1478 560 1741 673 minor&
1768 570 1883 629 Sed
1916 570 2039 649 ipse
2072 569 2185 627 Ro-

243 670 442 730 mulus
479 668 835 740 circumibat,
867 665 1222 745 docebatque
1265 672 1493 745 patrum
1534 666 1599 725 id
1639 667 1904 749 superbia
1942 667 2181 739 factum,

247 768 352 845 qui
378 766 733 828 connubium
762 764 1024 823 finitimis
1052 770 1383 841 negassent:
1427 764 1551 823 illas
1578 770 1773 823 tamen
1804 765 1873 823 in'
1894 764 2188 823 matrimo-

246 865 367 936 nio,
403 864 464 921 in
509 863 784 921 societate
822 861 1186 919 fortunarum
1236 856 1513 917 omnium‘
1546 861 1922 937 civitatisque,
1959 868 2033 932 et,
2070 880 2185 938 quo
2209 867 2285 920 45

245 960 396 1019 nihil
418 961 600 1019 carius
621 959 874 1017 humano
895 957 1092 1035 generi
1113 958 1204 1029 sit,
1232 957 1477 1015 liberum
1497 957 1658 1015 fore:
1700 957 1990 1017 mollirent
2010 958 2187 1017 modo

247 1060 380 1130 iraS,
412 1064 470 1116 et
511 1056 720 1135 quibus
753 1057 874 1115 fors
917 1074 1156 1132 corpora
1196 1054 1464 1127 dedisset,
1495 1054 1697 1113 darent
1736 1054 1991 1127 animos:
2036 1072 2189 1133 saepe

249 1154 324 1214 ex
351 1153 562 1230 injuria
587 1152 963 1230 postmodum
991 1151 1236 1228 gratiam
1266 1158 1467 1223 ortam,
1492 1169 1675 1235 eoque
1703 1150 2034 1209 melioribus
2060 1170 2191 1233 usu-

248 1270 345 1309 ras
376 1250 528 1322 viris,
559 1248 717 1326 quod
749 1249 1050 1309 adnisurus
1090 1267 1198 1326 pro
1240 1269 1301 1307 se
1334 1249 1577 1327 quisque
1616 1249 1708 1321 sit,
1738 1255 1821 1320 ut,
1852 1268 1985 1307 cum
2027 1268 2188 1307 suam

250 1347 438 1405 vicem
465 1346 701 1403 functus
729 1344 918 1403 officio
947 1344 1038 1417 sit,
1063 1345 1389 1423 parentium
1414 1347 1591 1405 etiam
1618 1346 1935 1425 patriaeque
1964 1345 2189 1423 expleat
2214 1352 2289 1406 50

249 1442 618 1502 desiderium.
703 1442 1072 1501 Accedebant
1091 1441 1387 1502 blanditiae
1414 1443 1684 1516 virorum,
1704 1444 1925 1502 factum
1946 1462 2191 1521 purgan-

248 1542 404 1599 tium
438 1540 758 1617 cupiditate
787 1545 960 1617 atque
999 1558 1209 1611 amore,
1243 1558 1372 1618 quae
1406 1540 1655 1600 maxime
1688 1540 1765 1600 ad
1794 1539 2071 1599 muliebre
2107 1540 2192 1597 in-

249 1637 494 1716 genium
523 1635 776 1695 efficaces
803 1654 998 1714 preces
1028 1643 1176 1695 sunt.

1189 1812 1267 1873 X.

307 1940 424 1983 war
443 1940 555 1983 with
581 1940 660 1983 the
791 1926 925 1986 Jam
959 1928 1275 1987 admodum
1308 1929 1559 2007 mitigati
1594 1929 1773 1989 animi
1807 1928 1985 2007 raptis
2013 1936 2188 1989 erant.

251 2006 663 2117 ἓξῐζξιῖζίῖὶὲἓξ
714 2022 798 2081 At
844 2031 1132 2102 raptarum
1184 2034 1451 2102 parentes
1494 2033 1621 2085 tum
1664 2026 1913 2085 maxime
1962 2026 2194 2085 sordida

253 2145 477 2186 Defeat
507 2144 561 2185 of
583 2146 661 2186 the
714 2127 869 2178 veste
908 2120 1269 2199 lacrimisque
1312 2129 1372 2181 et
1414 2123 1659 2201 querelis
1708 2123 1969 2183 civitates
2010 2124 2196 2183 conci-

251 2212 666 2331 Ξξέοῑηῑὲθέἒῐῐᾷ
713 2216 928 2275 tabant.
1014 2217 1135 2275 Nee
1165 2218 1325 2276 domi
1353 2226 1576 2277 tantum
1609 2220 2037 2298 indignationes
2064 2241 2197 2279 eon-

253 2346 432 2387 offered
459 2348 508 2386 to
533 2346 666 2398 Jupi-
714 2313 990 2386 tinebant,
1023 2314 1124 2373 sed
1165 2316 1660 2393 congregabantur
1699 2311 1955 2396 undique
1997 2318 2069 2375 ad
2103 2315 2195 2374 Ti·
2256 2324 2291 2375 5

253 2415 330 2455 ter
347 2412 594 2456 Feretrius.
713 2417 841 2467 tum
868 2411 1100 2479 Tatium
1136 2431 1331 2490 regem
1368 2413 1744 2487 Sabinorum
1790 2423 1856 2472 etr
1880 2414 2196 2492 legationes

255 2524 348 2576 ee,
381 2505 536 2583 quod
561 2508 878 2566 maximum
908 2509 1060 2567 Tatii
1097 2528 1309 2569 nomen
1340 2512 1398 2568 in
1428 2512 1499 2569 iis
1533 2512 1862 2589 regionibus
1898 2519 2033 2579 erat,
2066 2530 2198 2569 eon-

257 2600 579 2661 veniebant.
652 2603 1019 2664 Caeninenses
1044 2606 1513 2686 Crustuminique
1536 2617 1593 2667 et
1616 2608 1995 2667 Antemnates
2018 2614 2193 2678 erant,

257 2698 336 2754 ad
369 2718 513 2775 quos
545 2699 672 2776 ejus
703 2701 930 2778 injuriae
966 2722 1096 2780 pars
1132 2704 1469 2780 pertinebat.
1557 2704 1734 2763 Lente
1769 2724 1934 2781 agere
1972 2704 2058 2761 his
2092 2704 2198 2761 Ta-

257 2795 376 2853 tius
405 2794 716 2875 Sabinique
746 2799 851 2857 visi
880 2807 1045 2871 sunt:
1091 2801 1201 2877 ipsi
1232 2801 1381 2858 inter
1408 2821 1467 2859 se
1502 2808 1615 2859 tres
1648 2802 1849 2879 populi
1882 2802 2197 2859 communi·
2219 2803 2291 2856 10

257 2899 350 2951 ter
388 2892 603 2951 bellum
644 2902 863 2971 parant.
947 2896 1038 2955 Ne
1066 2896 1436 2957 ,Crustumini
1480 2898 1711 2975 quidem
1754 2905 1925 2975 atque
1958 2898 2197 2956 Antem-

258 2996 422 3047 nates
453 3009 560 3067 pro
593 2991 793 3049 ardore
826 2992 1022 3070 iraque
1055 2992 1483 3051 Caeninensium
1528 2995 1665 3051 satis
1706 3014 1765 3053 se
1797 2994 2044 3071 impigre
2076 3014 2199 3051 mo-

261 3092 412 3144 vent.
498 3086 590 3144 Ita
621 3106 724 3165 per
756 3108 816 3147 se
849 3089 1036 3167 ipsum
1073 3108 1286 3147 nomen
1320 3089 1625 3147 Caeninum
1659 3090 1719 3147 in
1754 3110 1955 3167 agrum
1988 3090 2199 3149 Roma-

258 3202 402 3240 num
435 3183 722 3262 impetum
749 3185 906 3245 facit.
993 3186 1106 3245 Sed
1135 3187 1313 3245 effuse
1344 3185 1697 3245 vastantibus
1729 3186 1796 3245 fit
1829 3186 2031 3246 obvius
2064 3207 2194 3246 cum

261 3279 514 3336 exercitu
545 3279 844 3352 Romulus»,
875 3280 1098 3359 levique
1131 3283 1440 3343 certamine
1475 3282 1645 3339 docet
1678 3302 1881 3339 vanam
1914 3284 2035 3341 sine
2069 3284 2197 3342 viri-
2218 3290 2291 3342 15

260 3374 367 3432 bus
415 3376 560 3433 iram
613 3396 750 3435 esse.
835 3378 1163 3435 Exercitum
1207 3380 1404 3438 fundit
1444 3381 1739 3457 fugatque,
1770 3381 1965 3438 fusum
2014 3400 2198 3459 perse-

261 3472 488 3549 quitur3
533 3491 726 3551 regem
755 3473 816 3531 in
844 3475 1048 3551 proelio
1079 3475 1383 3534 obtruncat
1411 3486 1468 3533 et
1491 3478 1730 3554 spoliat3
1776 3477 1918 3536 duee
1942 3477 2195 3533 hostium

261 3569 469 3641 oceiSO,
505 3567 708 3627 urbem
748 3571 938 3647 primo
981 3572 1203 3647 impetu
1246 3572 1413 3648 capit.
1499 3572 1641 3630 Inde
1690 3573 1937 3631 exercitu
1981 3572 2197 3627 victore

259 3665 516 3738 redacte,
547 3664 688 3744 ipse,
720 3686 850 3723 eum
894 3667 1064 3723 factis
1105 3667 1192 3723 vir
1233 3668 1569 3743 magnificus
1608 3675 1736 3725 tum
1776 3668 2062 3724 factorum
2110 3682 2198 3717 os-

259 3768 514 3823 tentator
541 3763 698 3821 haud
727 3763 933 3835 minor,
965 3762 1147 3847 spolia
1175 3763 1336 3821 ducis
1363 3764 1617 3821 hostium
1652 3762 1785 3820 caesi
1818 3774 2089 3834 suspensa
2114 3754 2197 3808 fa-
2214 3755 2290 3805 20

2322 3838 2451 3917 A
