2459 3967
324 173 657 272 ι(3ΑΡ.Ι;Χ.]
907 195 983 233 AB
1026 194 1183 235 URBE
1229 193 1494 234 connirA
1539 195 1714 236 unm.
2131 175 2259 240 293

322 357 431 416 per
467 356 527 394 se
566 336 679 414 ipsi
715 337 778 395 id
808 337 998 396 facere
1036 337 1228 396 conati
1268 344 1402 396 sunt
1439 357 1624 416 neque
1663 337 1840 396 alium
1879 339 2041 417 sequi
2073 337 2263 396 volue-

324 443 477 493 runt.
564 434 750 492 Nocte
778 454 958 512 prope
996 441 1122 493 tota
1154 435 1221 492 P.
1247 435 1620 515 Sempronius
1653 435 1976 494 Tuditanus
2013 455 2130 493 non
2170 435 2263 493 de-

326 533 479 590 stitit
507 551 757 604 monere,
789 531 1081 590 adhortari
1110 552 1223 604 eos,
1248 531 1390 589 dum
1417 534 1676 610 paucitas
1701 533 1960 592 hostium
1994 534 2143 592 circa
2175 553 2261 591 ca·
2283 540 2355 591 35

326 635 459 700 stra,
486 629 623 686 dum
650 629 810 707 quies
837 648 902 686 ac
930 628 1222 686 silentium
1253 636 1416 702 esset,
1441 630 1582 687 dum
1603 649 1718 688 nox
1747 631 2044 710 inceptum
2071 637 2264 709 tegere

324 732 538 803 posset,
564 744 623 782 se
652 725 857 783 ducem
891 732 1295 803 sequerentur:
1339 731 1472 784 ante
1505 726 1692 784 lucem
1719 729 2014 804 pervenire
2047 728 2109 785 in
2137 734 2265 786 tuta

324 823 468 893 loca,
504 822 565 879 in
608 822 893 879 sociorum
937 821 1104 880 urbes
1145 842 1330 900 posse.
1409 822 1574 880 Sicut
1609 843 1846 882 avorum
1883 825 2161 882 memoria
2193 825 2260 883 P.

257 908 263 912 ¹
325 919 541 976 Decius
568 918 833 976 tribunus
865 918 1117 976 militum
1146 919 1207 975 in
1238 918 1509 991 Samni03
1555 919 1718 991 sicut,
1743 920 1912 978 nobis
1945 920 2266 978 adolescen-

325 1015 501 1088 tibus,
530 1015 722 1093 priore
755 1015 978 1074 Punico
1013 1015 1182 1088 bello,
1208 1015 1552 1093 Calpurnius
1582 1015 1840 1074 Flamma
1869 1017 2138 1074 trecentis
2171 1037 2266 1075 vo-
2282 1019 2359 1072 40

325 1112 602 1184 luntariiS‚
628 1131 760 1170 cum
795 1112 870 1170 ad
896 1111 1183 1170 tumulum
1221 1132 1320 1170 eos
1353 1113 1715 1190 capiendum,
1747 1113 1924 1171 situm
1965 1114 2115 1170 inter
2151 1134 2266 1172 me-

328 1212 457 1270 dios
478 1212 709 1270 duceret
725 1212 937 1284 hosteS,
963 1212 1111 1270 dixit
1134 1213 1147 1239 ‘
1166 1213 1496 1283 Moriamur‚
1517 1212 1745 1285 milites,
1771 1219 1830 1271 et
1858 1220 2042 1271 morte
2071 1220 2267 1272 nostra

328 1295 636 1385 eripiamus
680 1327 749 1366 ex
795 1307 1095 1366 obsidione
1140 1293 1557 1366 circumventas
1601 1309 1857 1388 legiones
1877 1309 1909 1368 τ’
1949 1310 1998 1367 si
2040 1309 2152 1368 hoc
2195 1310 2260 1369 P.

328 1405 704 1483 Sempronius
731 1404 963 1477 diceret,
988 1424 1094 1464 nec
1122 1406 1278 1464 viros
1307 1406 1540 1485 quidem
1575 1426 1680 1465 nec
1708 1407 2003 1466 Romanos
2030 1427 2133 1465 vos
2166 1408 2268 1467 du-

328 1509 498 1574 ceret,
530 1503 580 1560 si
612 1520 784 1560 nemo
818 1507 997 1560 tantae
1034 1502 1264 1584 virtutis
1297 1503 1611 1562 exstitisset
1645 1523 1851 1563 comes.
1938 1505 2113 1564 Viam
2147 1524 2265 1563 non
2283 1508 2360 1561 45

328 1598 403 1658 ad
435 1599 678 1676 gloriam
710 1599 914 1676 magis,
947 1618 1120 1678 quam
1158 1599 1234 1657 ad
1267 1599 1527 1672 salutem,
1560 1600 1841 1659 ferentem
1876 1600 2264 1675 demonstrat3

329 1696 565 1754 reduces
593 1696 655 1753 in
682 1695 946 1774 patriam,
972 1696 1047 1754 ad
1066 1703 1348 1774 parentes,
1374 1697 1450 1755 ad
1471 1696 1747 1775 conjuges
1775 1716 1840 1754 ac
1869 1697 2078 1755 liberos
2106 1697 2263 1756 facit.

328 1793 418 1853 Ut
452 1792 773 1865 servemini,
798 1787 959 1851 deest
991 1792 1155 1851 vobis
1188 1793 1451 1852 animus?
1493 1794 1650 1872 quid,
1683 1794 1731 1850 si
1764 1793 2126 1851 moriendum
2161 1813 2268 1870 pro

329 1890 517 1968 patria
538 1897 700 1962 esset,
720 1889 1018 1948 faceretis?
1077 1888 1511 1968 Quinquaginta
1531 1889 1692 1947 milia
1719 1890 1931 1947 civium
1961 1890 2270 1947 sociorum-

332 2007 443 2066 que
472 1988 621 2046 circa
648 2007 749 2045 vos
778 2006 847 2044 eo
875 1987 1003 2065 ipso
1034 1986 1127 2044 die
1156 2005 1304 2044 caesa
1324 1987 1531 2064 jacent.
1603 1987 1666 2046 Si
1694 1992 1786 2044 tot
1814 1986 2074 2063 exempla
2096 1987 2268 2044 virtu-
2288 1995 2363 2048 50
2433 2029 2448 2045 .

328 2073 408 2143 tis
435 2104 553 2142 non
580 2090 834 2156 movent,
854 2083 999 2142 nihil
1020 2102 1297 2160 umquam
1318 2082 1603 2156 movebit3
1636 2083 1683 2141 si
1705 2089 1867 2141 tanta
1887 2082 2075 2140 clades
2096 2082 2268 2141 vilem

330 2181 511 2237 vitam
552 2198 671 2237 non
713 2179 870 2250 fecit,
906 2179 1063 2236 nulla
1102 2179 1294 2237 faciet.
1392 2179 1470 2237 Et
1517 2179 1682 2237 liberi
1731 2185 1903 2257 atque
1953 2179 2270 2237 incolumes

332 2276 651 2336 desiderate
684 2276 962 2353 patriam:
1006 2276 1187 2334 immo
1223 2276 1559 2350 desiderate,
1591 2277 1732 2334 dum
1770 2276 1956 2354 patria
1993 2283 2096 2347 est,
2128 2275 2269 2334 dum

238 2442 243 2451 ¹
332 2373 487 2432 cives
530 2373 655 2450 ejus
699 2373 851 2432 estis,
950 2373 1087 2432 Sero
1138 2391 1288 2431 nunc
1337 2373 1688 2446 desideratiS,
1730 2373 2016 2431 deminuti
2064 2373 2267 2451 capite,

334 2469 639 2529 abalienati
666 2469 792 2547 jure
821 2469 1050 2554 civium,
1076 2470 1221 2528 servi
1251 2468 1814 2548 Carthaginiensium
1840 2471 2000 2529 facti.
2071 2471 2269 2528 Pretio
2290 2477 2365 2530 55

332 2567 575 2626 redituri
604 2567 741 2625 estis
770 2586 855 2639 eo,
881 2567 1033 2624 unde
1063 2567 1293 2644 ignavia
1321 2585 1386 2625 ac
1413 2567 1672 2646 nequitia
1705 2567 1942 2626 abistis?
2021 2566 2088 2626 P.
2114 2568 2272 2626 Sem-

333 2665 623 2742 pronium,
649 2664 832 2722 civem
860 2669 1131 2736 vestrum,
1154 2682 1274 2722 non
1304 2664 1560 2738 audistiS,
1585 2684 1744 2723 arma
1776 2685 1977 2744 capere
2011 2685 2076 2724 ac
2111 2665 2273 2744 sequi

336 2781 396 2820 se
423 2761 757 2839 jubentem3
800 2761 1185 2820 Hannibalem
1220 2767 1356 2839 post
1388 2762 1561 2839 paulo
1596 2762 1852 2834 audistis,
1885 2768 2070 2820 castra
2102 2761 2273 2839 prodi

335 2843 395 2918 et
432 2878 591 2916 arma
621 2858 773 2918 tradi
804 2858 1119 2936 jubentem.
1204 2857 1392 2928 Quam
1431 2877 1540 2936 ego
1578 2859 1868 2935 ignaviam
1906 2859 2149 2916 istorum
2187 2877 2275 2914 ac-

335 2975 491 3028 cuso,
523 2975 654 3014 cum
689 2956 871 3014 scelus
903 2955 1122 3033 possim
1156 2954 1454 3012 accusare!
1537 2954 1596 3011 N
1598 2974 1673 3011 on
1707 2954 1886 3011 modo
1924 2954 2077 3010 enim
2113 2954 2273 3030 sequi
2293 2958 2368 3010 60

334 3059 668 3112 recusarunt
699 3053 845 3111 bene
884 3058 1237 3123 monentem,
1263 3051 1362 3109 sed
1397 3050 1671 3108 obsistere
1704 3069 1770 3108 ac
1803 3050 2048 3108 retinere
2082 3051 2276 3107 conati

336 3157 488 3222 sunt,
512 3149 574 3207 ni
604 3150 816 3208 strictis
849 3148 1058 3228 gladiis
1090 3149 1199 3206 viri
1228 3147 1536 3206 fortissimi
1568 3147 1780 3205 inertes
1813 3147 2271 3205 summovissent.

336 3245 526 3319 Prius,
557 3247 811 3326 inquam,
842 3245 909 3306 P.
943 3245 1287 3322 Sempronio
1325 3265 1427 3322 per
1465 3244 1677 3304 civium
1718 3262 1925 3321 agmen
1969 3262 2141 3321 quam
2174 3263 2278 3322 per

336 3344 593 3402 hostium
619 3344 738 3402 fuit
760 3342 1192 3420 erumpendum.
1267 3342 1396 3401 Hos
1425 3343 1575 3401 cives
1602 3341 1788 3420 patria
1816 3340 2116 3413 desideret,
2139 3359 2278 3418 quo-

336 3460 465 3498 rum
502 3441 549 3497 si
582 3441 756 3500 ceteri
790 3439 1005 3498 similes
1038 3438 1300 3509 fuissent,
1331 3439 1622 3497 neminem
1654 3438 1830 3496 hodie
1863 3457 1932 3495 ex
1966 3437 2037 3494 iis
2072 3438 2172 3514 qui
2205 3437 2278 3494 ad
2297 3437 2368 3493 61

336 3538 566 3616 Cannas
609 3542 1011 3616 pugnaverunt
1054 3537 1240 3594 civem
1284 3534 1556 3594 haberet?
1637 3535 1724 3593 Ex
1772 3534 2007 3593 milibus
2056 3541 2278 3610 septem

338 3641 689 3693 armatorum
726 3633 980 3692 sexcenti
1012 3631 1357 3690 exstiterunt
1392 3631 1491 3709 qui
1525 3650 1821 3708 erumpere
1855 3629 2145 3698 auderent,
2179 3626 2279 3702 qui

337 3731 401 3789 in
428 3732 676 3808 patriam
702 3731 871 3790 liberi
898 3735 1072 3804 atque
1100 3727 1306 3787 armati
1333 3728 1618 3787 redirent:
1663 3746 1846 3806 neque
1872 3727 1965 3784 his
1999 3720 2279 3782 sexcentis
