<?xml version="1.0" encoding="UTF-8"?>
<!DOCTYPE html PUBLIC "-//W3C//DTD XHTML 1.0 Transitional//EN"
    "http://www.w3.org/TR/xhtml1/DTD/xhtml1-transitional.dtd">
<html xmlns="http://www.w3.org/1999/xhtml" xml:lang="en" lang="en">
 <head>
  <title>
</title>
<meta http-equiv="Content-Type" content="text/html;charset=utf-8" />
  <meta name='ocr-system' content='tesseract 3.04.00' />
  <meta name='ocr-capabilities' content='ocr_page ocr_carea ocr_par ocr_line ocrx_word'/>
</head>
<body>
  <div class='ocr_page' id='page_1' title='image "./titiliviaburbec10livygoog_0256.png"; bbox 0 0 2459 3967; ppageno 0'>
   <div class='ocr_carea' id='block_1_1' title="bbox 330 215 2313 295">
    <p class='ocr_par' dir='ltr' id='par_1_1' title="bbox 330 215 2313 295">
     <span class='ocr_line' id='line_1_1' title="bbox 330 215 2313 295; baseline -0.002 -12"><span class='ocrx_word' id='word_1_1' title='bbox 330 223 456 284; x_wconf 79' lang='lat'>252</span> <span class='ocrx_word' id='word_1_2' title='bbox 1168 239 1285 278; x_wconf 79' lang='lat' dir='ltr'>rm</span> <span class='ocrx_word' id='word_1_3' title='bbox 1327 238 1450 278; x_wconf 72' lang='lat' dir='ltr'>uvi</span> <span class='ocrx_word' id='word_1_4' title='bbox 1883 215 2036 295; x_wconf 78' lang='lat' dir='ltr'>[Lm.</span> <span class='ocrx_word' id='word_1_5' title='bbox 2064 221 2313 280; x_wconf 88' lang='lat' dir='ltr'>XXII.</span> 
     </span>
    </p>
   </div>
   <div class='ocr_carea' id='block_1_2' title="bbox 328 363 2385 3846">
    <p class='ocr_par' dir='ltr' id='par_1_2' title="bbox 328 363 2385 1920">
     <span class='ocr_line' id='line_1_2' title="bbox 328 363 2381 460; baseline 0.001 -22"><span class='ocrx_word' id='word_1_6' title='bbox 328 381 407 438; x_wconf 89' lang='lat' dir='ltr'>tis</span> <span class='ocrx_word' id='word_1_7' title='bbox 460 383 638 460; x_wconf 88' lang='lat' dir='ltr'>igitur</span> <span class='ocrx_word' id='word_1_8' title='bbox 692 381 977 452; x_wconf 87' lang='lat' dir='ltr'>omnibus,</span> <span class='ocrx_word' id='word_1_9' title='bbox 1024 400 1153 458; x_wconf 83' lang='lat' dir='ltr'>quae</span> <span class='ocrx_word' id='word_1_10' title='bbox 1208 380 1445 438; x_wconf 76' lang='lat' dir='ltr'>fortuna</span> <span class='ocrx_word' id='word_1_11' title='bbox 1497 381 1802 457; x_wconf 86' lang='lat' dir='ltr'>potestatis</span> <span class='ocrx_word' id='word_1_12' title='bbox 1857 379 1982 458; x_wconf 84' lang='lat' dir='ltr'>ejus</span> <span class='ocrx_word' id='word_1_13' title='bbox 2039 388 2314 460; x_wconf 89' lang='lat' dir='ltr'>poterat</span> <span class='ocrx_word' id='word_1_14' title='bbox 2379 363 2381 406; x_wconf 40' lang='grc' dir='ltr'>ἰ</span> 
     </span>
     <span class='ocr_line' id='line_1_3' title="bbox 329 477 2311 556; baseline 0.001 -20"><span class='ocrx_word' id='word_1_15' title='bbox 329 480 534 551; x_wconf 84' lang='lat' dir='ltr'>facere,</span> <span class='ocrx_word' id='word_1_16' title='bbox 560 478 857 536; x_wconf 89' lang='lat' dir='ltr'>obsidibus</span> <span class='ocrx_word' id='word_1_17' title='bbox 886 478 1254 555; x_wconf 88' lang='lat' dir='ltr'>potissimum</span> <span class='ocrx_word' id='word_1_18' title='bbox 1282 477 1575 534; x_wconf 78' lang='lat' dir='ltr'>tradendis</span> <span class='ocrx_word' id='word_1_19' title='bbox 1603 478 1861 534; x_wconf 87' lang='lat' dir='ltr'>animum</span> <span class='ocrx_word' id='word_1_20' title='bbox 1889 478 2135 556; x_wconf 84' lang='lat' dir='ltr'>adjecit,</span> <span class='ocrx_word' id='word_1_21' title='bbox 2161 499 2311 538; x_wconf 85' lang='lat' dir='ltr'>eam</span> 
     </span>
     <span class='ocr_line' id='line_1_4' title="bbox 330 573 2306 654; baseline 0 -22"><span class='ocrx_word' id='word_1_22' title='bbox 330 595 507 632; x_wconf 86' lang='lat' dir='ltr'>unam</span> <span class='ocrx_word' id='word_1_23' title='bbox 538 595 661 633; x_wconf 89' lang='lat' dir='ltr'>rem</span> <span class='ocrx_word' id='word_1_24' title='bbox 692 575 941 632; x_wconf 83' lang='lat' dir='ltr'><strong>maxime</strong></span> <span class='ocrx_word' id='word_1_25' title='bbox 975 581 1132 632; x_wconf 88' lang='lat' dir='ltr'>ratus</span> <span class='ocrx_word' id='word_1_26' title='bbox 1165 573 1596 632; x_wconf 83' lang='lat' dir='ltr'>conciliaturam</span> <span class='ocrx_word' id='word_1_27' title='bbox 1630 573 1906 631; x_wconf 89' lang='lat' dir='ltr'>Romanis</span> <span class='ocrx_word' id='word_1_28' title='bbox 1939 576 2306 654; x_wconf 81' lang='lat' dir='ltr'>principum</span> 
     </span>
     <span class='ocr_line' id='line_1_5' title="bbox 332 669 2382 748; baseline 0.002 -20"><span class='ocrx_word' id='word_1_29' title='bbox 332 671 632 748; x_wconf 77' lang='lat' dir='ltr'>Hispaniae</span> <span class='ocrx_word' id='word_1_30' title='bbox 679 670 1008 727; x_wconf 81' lang='lat' dir='ltr'>amicitiam.</span> <span class='ocrx_word' id='word_1_31' title='bbox 1094 669 1210 728; x_wconf 87' lang='lat' dir='ltr'>Sed</span> <span class='ocrx_word' id='word_1_32' title='bbox 1255 689 1387 726; x_wconf 90' lang='lat' dir='ltr'>cum</span> <span class='ocrx_word' id='word_1_33' title='bbox 1431 669 1655 746; x_wconf 84' lang='lat' dir='ltr'>injussu</span> <span class='ocrx_word' id='word_1_34' title='bbox 1699 669 1960 728; x_wconf 79' lang='lat' dir='ltr'>Bostaris</span> <span class='ocrx_word' id='word_1_35' title='bbox 2007 673 2305 748; x_wconf 77' lang='lat' dir='ltr'>praefecti</span> <span class='ocrx_word' id='word_1_36' title='bbox 2327 679 2382 732; x_wconf 73' lang='lat'>30</span> 
     </span>
     <span class='ocr_line' id='line_1_6' title="bbox 332 765 2303 840; baseline 0 -14"><span class='ocrx_word' id='word_1_37' title='bbox 332 769 469 826; x_wconf 89' lang='lat' dir='ltr'>satis</span> <span class='ocrx_word' id='word_1_38' title='bbox 504 768 673 826; x_wconf 88' lang='lat' dir='ltr'>sciret</span> <span class='ocrx_word' id='word_1_39' title='bbox 704 766 851 824; x_wconf 88' lang='lat' dir='ltr'>nihil</span> <span class='ocrx_word' id='word_1_40' title='bbox 884 767 1154 824; x_wconf 88' lang='lat' dir='ltr'>obsidum</span> <span class='ocrx_word' id='word_1_41' title='bbox 1196 765 1464 824; x_wconf 79' lang='lat' dir='ltr'>custodes</span> <span class='ocrx_word' id='word_1_42' title='bbox 1500 766 1758 824; x_wconf 83' lang='lat' dir='ltr'>facturos</span> <span class='ocrx_word' id='word_1_43' title='bbox 1798 787 1934 840; x_wconf 88' lang='lat' dir='ltr'>esse,</span> <span class='ocrx_word' id='word_1_44' title='bbox 1965 767 2303 828; x_wconf 81' lang='lat' dir='ltr'>Bostarem</span> 
     </span>
     <span class='ocr_line' id='line_1_7' title="bbox 330 863 2302 944; baseline 0.001 -20"><span class='ocrx_word' id='word_1_45' title='bbox 330 867 523 944; x_wconf 91' lang='lat' dir='ltr'>ipsum</span> <span class='ocrx_word' id='word_1_46' title='bbox 557 871 678 924; x_wconf 82' lang='lat' dir='ltr'>arte</span> <span class='ocrx_word' id='word_1_47' title='bbox 720 864 1067 941; x_wconf 78' lang='lat' dir='ltr'>adgreditur.</span> <span class='ocrx_word' id='word_1_48' title='bbox 1152 863 1356 921; x_wconf 87' lang='lat' dir='ltr'>Castra</span> <span class='ocrx_word' id='word_1_49' title='bbox 1396 870 1557 921; x_wconf 84' lang='lat' dir='ltr'>extra</span> <span class='ocrx_word' id='word_1_50' title='bbox 1597 864 1800 922; x_wconf 90' lang='lat' dir='ltr'>urbem</span> <span class='ocrx_word' id='word_1_51' title='bbox 1837 866 1897 923; x_wconf 87' lang='lat' dir='ltr'>iu</span> <span class='ocrx_word' id='word_1_52' title='bbox 1939 867 2069 944; x_wconf 91' lang='lat' dir='ltr'>ipso</span> <span class='ocrx_word' id='word_1_53' title='bbox 2109 867 2302 926; x_wconf 91' lang='lat' dir='ltr'>litore</span> 
     </span>
     <span class='ocr_line' id='line_1_8' title="bbox 332 962 2300 1040; baseline 0 -16"><span class='ocrx_word' id='word_1_54' title='bbox 332 965 583 1024; x_wconf 88' lang='lat' dir='ltr'>habebat</span> <span class='ocrx_word' id='word_1_55' title='bbox 615 964 841 1035; x_wconf 86' lang='lat' dir='ltr'>Bostar,</span> <span class='ocrx_word' id='word_1_56' title='bbox 872 969 938 1021; x_wconf 90' lang='lat' dir='ltr'>ut</span> <span class='ocrx_word' id='word_1_57' title='bbox 970 962 1193 1020; x_wconf 87' lang='lat' dir='ltr'>aditum</span> <span class='ocrx_word' id='word_1_58' title='bbox 1226 981 1298 1020; x_wconf 85' lang='lat' dir='ltr'>ex</span> <span class='ocrx_word' id='word_1_59' title='bbox 1331 981 1400 1020; x_wconf 88' lang='lat' dir='ltr'>ea</span> <span class='ocrx_word' id='word_1_60' title='bbox 1430 969 1593 1040; x_wconf 86' lang='lat' dir='ltr'>parte</span> <span class='ocrx_word' id='word_1_61' title='bbox 1628 965 2034 1024; x_wconf 73' lang='lat' dir='ltr'>intercluderet</span> <span class='ocrx_word' id='word_1_62' title='bbox 2067 966 2300 1024; x_wconf 87' lang='lat' dir='ltr'>Roma-</span> 
     </span>
     <span class='ocr_line' id='line_1_9' title="bbox 332 1059 2298 1140; baseline -0.001 -18"><span class='ocrx_word' id='word_1_63' title='bbox 332 1065 439 1122; x_wconf 91' lang='lat' dir='ltr'>nis.</span> <span class='ocrx_word' id='word_1_64' title='bbox 525 1063 617 1120; x_wconf 92' lang='lat' dir='ltr'>Ibi</span> <span class='ocrx_word' id='word_1_65' title='bbox 649 1082 781 1120; x_wconf 91' lang='lat' dir='ltr'>eum</span> <span class='ocrx_word' id='word_1_66' title='bbox 815 1061 877 1119; x_wconf 90' lang='lat' dir='ltr'>in</span> <span class='ocrx_word' id='word_1_67' title='bbox 910 1067 1191 1118; x_wconf 88' lang='lat' dir='ltr'>secretum</span> <span class='ocrx_word' id='word_1_68' title='bbox 1224 1059 1540 1118; x_wconf 86' lang='lat' dir='ltr'>abductum</span> <span class='ocrx_word' id='word_1_69' title='bbox 1569 1061 1726 1120; x_wconf 86' lang='lat' dir='ltr'>velut</span> <span class='ocrx_word' id='word_1_70' title='bbox 1753 1063 2124 1140; x_wconf 86' lang='lat' dir='ltr'>ignorantem</span> <span class='ocrx_word' id='word_1_71' title='bbox 2162 1083 2298 1121; x_wconf 91' lang='lat' dir='ltr'>mo-</span> 
     </span>
     <span class='ocr_line' id='line_1_10' title="bbox 334 1157 2385 1238; baseline -0 -20"><span class='ocrx_word' id='word_1_72' title='bbox 334 1167 450 1233; x_wconf 89' lang='lat' dir='ltr'>net,</span> <span class='ocrx_word' id='word_1_73' title='bbox 469 1179 583 1238; x_wconf 93' lang='lat' dir='ltr'>quo</span> <span class='ocrx_word' id='word_1_74' title='bbox 617 1165 770 1217; x_wconf 88' lang='lat' dir='ltr'>statu</span> <span class='ocrx_word' id='word_1_75' title='bbox 805 1158 880 1215; x_wconf 91' lang='lat' dir='ltr'>sit</span> <span class='ocrx_word' id='word_1_76' title='bbox 912 1174 1029 1215; x_wconf 89' lang='lat' dir='ltr'>res:</span> <span class='ocrx_word' id='word_1_77' title='bbox 1073 1164 1296 1216; x_wconf 89' lang='lat' dir='ltr'>metum</span> <span class='ocrx_word' id='word_1_78' title='bbox 1331 1157 1684 1216; x_wconf 84' lang='lat' dir='ltr'>continuisse</span> <span class='ocrx_word' id='word_1_79' title='bbox 1717 1159 1793 1217; x_wconf 91' lang='lat' dir='ltr'>ad</span> <span class='ocrx_word' id='word_1_80' title='bbox 1821 1179 1946 1217; x_wconf 90' lang='lat' dir='ltr'>eam</span> <span class='ocrx_word' id='word_1_81' title='bbox 1981 1160 2144 1217; x_wconf 89' lang='lat' dir='ltr'>diem</span> <span class='ocrx_word' id='word_1_82' title='bbox 2177 1160 2294 1217; x_wconf 87' lang='lat' dir='ltr'>Hi·</span> <span class='ocrx_word' id='word_1_83' title='bbox 2315 1158 2385 1230; x_wconf 76' lang='lat'>35!</span> 
     </span>
     <span class='ocr_line' id='line_1_11' title="bbox 335 1254 2292 1335; baseline -0.002 -19"><span class='ocrx_word' id='word_1_84' title='bbox 335 1275 643 1335; x_wconf 90' lang='lat' dir='ltr'>spanorum</span> <span class='ocrx_word' id='word_1_85' title='bbox 682 1256 922 1327; x_wconf 88' lang='lat' dir='ltr'>animos,</span> <span class='ocrx_word' id='word_1_86' title='bbox 955 1254 1089 1335; x_wconf 88' lang='lat' dir='ltr'>quia</span> <span class='ocrx_word' id='word_1_87' title='bbox 1124 1254 1326 1332; x_wconf 90' lang='lat' dir='ltr'>procul</span> <span class='ocrx_word' id='word_1_88' title='bbox 1365 1254 1615 1313; x_wconf 88' lang='lat' dir='ltr'>Romani</span> <span class='ocrx_word' id='word_1_89' title='bbox 1655 1256 1954 1315; x_wconf 86' lang='lat' dir='ltr'>abessent:</span> <span class='ocrx_word' id='word_1_90' title='bbox 2000 1276 2160 1314; x_wconf 92' lang='lat' dir='ltr'>nunc</span> <span class='ocrx_word' id='word_1_91' title='bbox 2204 1259 2292 1315; x_wconf 90' lang='lat' dir='ltr'>cis</span> 
     </span>
     <span class='ocr_line' id='line_1_12' title="bbox 334 1352 2290 1431; baseline 0 -19"><span class='ocrx_word' id='word_1_92' title='bbox 334 1355 567 1413; x_wconf 91' lang='lat' dir='ltr'>Iberum</span> <span class='ocrx_word' id='word_1_93' title='bbox 596 1360 779 1410; x_wconf 85' lang='lat' dir='ltr'>castra</span> <span class='ocrx_word' id='word_1_94' title='bbox 806 1352 1069 1411; x_wconf 87' lang='lat' dir='ltr'>Romana</span> <span class='ocrx_word' id='word_1_95' title='bbox 1096 1372 1235 1425; x_wconf 90' lang='lat' dir='ltr'>esse,</span> <span class='ocrx_word' id='word_1_96' title='bbox 1260 1373 1448 1412; x_wconf 90' lang='lat' dir='ltr'>arcem</span> <span class='ocrx_word' id='word_1_97' title='bbox 1475 1361 1662 1412; x_wconf 85' lang='lat' dir='ltr'>tutam</span> <span class='ocrx_word' id='word_1_98' title='bbox 1691 1354 2146 1431; x_wconf 84' lang='lat' dir='ltr'>perfugiumque</span> <span class='ocrx_word' id='word_1_99' title='bbox 2183 1374 2290 1412; x_wconf 90' lang='lat' dir='ltr'>no-</span> 
     </span>
     <span class='ocr_line' id='line_1_13' title="bbox 334 1449 2282 1528; baseline -0.001 -19"><span class='ocrx_word' id='word_1_100' title='bbox 334 1471 433 1509; x_wconf 87' lang='lat' dir='ltr'>vas</span> <span class='ocrx_word' id='word_1_101' title='bbox 466 1449 791 1509; x_wconf 90' lang='lat' dir='ltr'>volentibus</span> <span class='ocrx_word' id='word_1_102' title='bbox 832 1469 935 1508; x_wconf 89' lang='lat' dir='ltr'>res.</span> <span class='ocrx_word' id='word_1_103' title='bbox 1021 1449 1224 1528; x_wconf 91' lang='lat' dir='ltr'>Itaque</span> <span class='ocrx_word' id='word_1_104' title='bbox 1259 1469 1406 1528; x_wconf 88' lang='lat' dir='ltr'>quos</span> <span class='ocrx_word' id='word_1_105' title='bbox 1447 1457 1637 1508; x_wconf 89' lang='lat' dir='ltr'>metus</span> <span class='ocrx_word' id='word_1_106' title='bbox 1671 1469 1790 1508; x_wconf 88' lang='lat' dir='ltr'>non</span> <span class='ocrx_word' id='word_1_107' title='bbox 1822 1457 2032 1522; x_wconf 90' lang='lat' dir='ltr'>teneat,</span> <span class='ocrx_word' id='word_1_108' title='bbox 2065 1451 2282 1509; x_wconf 90' lang='lat' dir='ltr'>benefi-</span> 
     </span>
     <span class='ocr_line' id='line_1_14' title="bbox 336 1546 2285 1625; baseline 0 -19"><span class='ocrx_word' id='word_1_109' title='bbox 336 1549 427 1607; x_wconf 91' lang='lat' dir='ltr'>cio</span> <span class='ocrx_word' id='word_1_110' title='bbox 460 1555 519 1606; x_wconf 92' lang='lat' dir='ltr'>et</span> <span class='ocrx_word' id='word_1_111' title='bbox 550 1547 735 1625; x_wconf 86' lang='lat' dir='ltr'>gratia</span> <span class='ocrx_word' id='word_1_112' title='bbox 777 1546 1185 1604; x_wconf 89' lang='lat' dir='ltr'>devinciendos</span> <span class='ocrx_word' id='word_1_113' title='bbox 1228 1566 1366 1605; x_wconf 90' lang='lat' dir='ltr'>esse.</span> <span class='ocrx_word' id='word_1_114' title='bbox 1453 1547 1689 1605; x_wconf 85' lang='lat' dir='ltr'>Miranti</span> <span class='ocrx_word' id='word_1_115' title='bbox 1729 1547 1960 1606; x_wconf 87' lang='lat' dir='ltr'>Bostari</span> <span class='ocrx_word' id='word_1_116' title='bbox 2005 1567 2285 1625; x_wconf 88' lang='lat' dir='ltr'>percunc-</span> 
     </span>
     <span class='ocr_line' id='line_1_15' title="bbox 334 1644 2376 1724; baseline 0 -20"><span class='ocrx_word' id='word_1_117' title='bbox 334 1647 614 1724; x_wconf 87' lang='lat' dir='ltr'>tantique,</span> <span class='ocrx_word' id='word_1_118' title='bbox 640 1645 932 1723; x_wconf 89' lang='lat' dir='ltr'>quodnam</span> <span class='ocrx_word' id='word_1_119' title='bbox 968 1645 1029 1703; x_wconf 91' lang='lat' dir='ltr'>id</span> <span class='ocrx_word' id='word_1_120' title='bbox 1058 1644 1311 1702; x_wconf 91' lang='lat' dir='ltr'>subitum</span> <span class='ocrx_word' id='word_1_121' title='bbox 1343 1651 1524 1702; x_wconf 81' lang='lat' dir='ltr'>tantae</span> <span class='ocrx_word' id='word_1_122' title='bbox 1553 1645 1636 1702; x_wconf 90' lang='lat' dir='ltr'>rei</span> <span class='ocrx_word' id='word_1_123' title='bbox 1662 1645 1881 1702; x_wconf 91' lang='lat' dir='ltr'>donum</span> <span class='ocrx_word' id='word_1_124' title='bbox 1910 1652 2107 1722; x_wconf 88' lang='lat' dir='ltr'>posset</span> <span class='ocrx_word' id='word_1_125' title='bbox 2137 1665 2277 1716; x_wconf 80' lang='lat' dir='ltr'>esse,</span> <span class='ocrx_word' id='word_1_126' title='bbox 2301 1652 2376 1704; x_wconf 92' lang='lat'>40</span> 
     </span>
     <span class='ocr_line' id='line_1_16' title="bbox 338 1741 2278 1820; baseline -0.003 -17"><span class='ocrx_word' id='word_1_127' title='bbox 338 1744 372 1771; x_wconf 88' lang='lat'>“</span> <span class='ocrx_word' id='word_1_128' title='bbox 396 1743 642 1803; x_wconf 82' lang='lat' dir='ltr'>Obsides</span> <span class='ocrx_word' id='word_1_129' title='bbox 659 1741 692 1770; x_wconf 89' lang='lat'><strong><em>”</em></strong></span> <span class='ocrx_word' id='word_1_130' title='bbox 728 1743 920 1820; x_wconf 88' lang='lat' dir='ltr'>inquit</span> <span class='ocrx_word' id='word_1_131' title='bbox 956 1742 1073 1799; x_wconf 83' lang='lat' dir='ltr'>“in</span> <span class='ocrx_word' id='word_1_132' title='bbox 1124 1742 1386 1800; x_wconf 86' lang='lat' dir='ltr'>civitates</span> <span class='ocrx_word' id='word_1_133' title='bbox 1432 1742 1677 1801; x_wconf 88' lang='lat' dir='ltr'>remitte.</span> <span class='ocrx_word' id='word_1_134' title='bbox 1778 1742 1849 1800; x_wconf 93' lang='lat' dir='ltr'>Id</span> <span class='ocrx_word' id='word_1_135' title='bbox 1897 1749 1956 1799; x_wconf 89' lang='grc'>61</span> <span class='ocrx_word' id='word_1_136' title='bbox 2003 1744 2278 1819; x_wconf 78' lang='lat' dir='ltr'>privatim</span> 
     </span>
     <span class='ocr_line' id='line_1_17' title="bbox 335 1839 2273 1920; baseline -0.003 -21"><span class='ocrx_word' id='word_1_137' title='bbox 335 1841 684 1920; x_wconf 90' lang='lat' dir='ltr'>parentibus,</span> <span class='ocrx_word' id='word_1_138' title='bbox 711 1859 955 1918; x_wconf 89' lang='lat' dir='ltr'>quorum</span> <span class='ocrx_word' id='word_1_139' title='bbox 983 1839 1301 1896; x_wconf 83' lang='lat' dir='ltr'>maximum</span> <span class='ocrx_word' id='word_1_140' title='bbox 1330 1857 1542 1896; x_wconf 88' lang='lat' dir='ltr'>nomen</span> <span class='ocrx_word' id='word_1_141' title='bbox 1568 1840 1631 1896; x_wconf 89' lang='lat' dir='ltr'>in</span> <span class='ocrx_word' id='word_1_142' title='bbox 1659 1839 1989 1896; x_wconf 83' lang='lat' dir='ltr'>civitatibus</span> <span class='ocrx_word' id='word_1_143' title='bbox 2024 1845 2110 1896; x_wconf 79' lang='lat' dir='ltr'>est</span> <span class='ocrx_word' id='word_1_144' title='bbox 2139 1841 2273 1908; x_wconf 82' lang='lat' dir='ltr'>suis,</span> 
     </span>
    </p>

    <p class='ocr_par' dir='ltr' id='par_1_3' title="bbox 335 1935 2362 3467">
     <span class='ocr_line' id='line_1_18' title="bbox 336 1935 2276 2017; baseline -0.002 -20"><span class='ocrx_word' id='word_1_145' title='bbox 336 1946 396 1997; x_wconf 92' lang='lat' dir='ltr'>et</span> <span class='ocrx_word' id='word_1_146' title='bbox 428 1939 656 2017; x_wconf 90' lang='lat' dir='ltr'>publice</span> <span class='ocrx_word' id='word_1_147' title='bbox 689 1937 921 2016; x_wconf 90' lang='lat' dir='ltr'>populis</span> <span class='ocrx_word' id='word_1_148' title='bbox 953 1943 1183 2015; x_wconf 90' lang='lat' dir='ltr'>gratum</span> <span class='ocrx_word' id='word_1_149' title='bbox 1216 1936 1342 1994; x_wconf 90' lang='lat' dir='ltr'>erit.</span> <span class='ocrx_word' id='word_1_150' title='bbox 1427 1935 1575 1995; x_wconf 81' lang='lat' dir='ltr'>Vult</span> <span class='ocrx_word' id='word_1_151' title='bbox 1609 1936 1720 1994; x_wconf 90' lang='lat' dir='ltr'>sibi</span> <span class='ocrx_word' id='word_1_152' title='bbox 1749 1937 1989 2014; x_wconf 88' lang='lat' dir='ltr'>quisque</span> <span class='ocrx_word' id='word_1_153' title='bbox 2025 1937 2194 2008; x_wconf 88' lang='lat' dir='ltr'>credi,</span> <span class='ocrx_word' id='word_1_154' title='bbox 2218 1945 2276 1994; x_wconf 83' lang='grc'>61</span> 
     </span>
     <span class='ocr_line' id='line_1_19' title="bbox 335 2033 2270 2113; baseline -0.002 -19"><span class='ocrx_word' id='word_1_155' title='bbox 335 2037 535 2096; x_wconf 89' lang='lat' dir='ltr'>habita</span> <span class='ocrx_word' id='word_1_156' title='bbox 572 2036 715 2094; x_wconf 89' lang='lat' dir='ltr'>fides</span> <span class='ocrx_word' id='word_1_157' title='bbox 756 2036 941 2113; x_wconf 88' lang='lat' dir='ltr'>ipsam</span> <span class='ocrx_word' id='word_1_158' title='bbox 983 2033 1322 2112; x_wconf 89' lang='lat' dir='ltr'>plerumque</span> <span class='ocrx_word' id='word_1_159' title='bbox 1354 2033 1575 2111; x_wconf 88' lang='lat' dir='ltr'>obligat</span> <span class='ocrx_word' id='word_1_160' title='bbox 1611 2033 1801 2092; x_wconf 88' lang='lat' dir='ltr'>fidem.</span> <span class='ocrx_word' id='word_1_161' title='bbox 1887 2033 2270 2091; x_wconf 90' lang='lat' dir='ltr'>Ministerium</span> 
     </span>
     <span class='ocr_line' id='line_1_20' title="bbox 336 2130 2362 2214; baseline -0.002 -24"><span class='ocrx_word' id='word_1_162' title='bbox 336 2133 821 2191; x_wconf 86' lang='lat' dir='ltr'>restituendorum</span> <span class='ocrx_word' id='word_1_163' title='bbox 863 2131 1069 2189; x_wconf 91' lang='lat' dir='ltr'>domos</span> <span class='ocrx_word' id='word_1_164' title='bbox 1110 2130 1381 2188; x_wconf 90' lang='lat' dir='ltr'>obsidum</span> <span class='ocrx_word' id='word_1_165' title='bbox 1429 2131 1698 2214; x_wconf 86' lang='lat' dir='ltr'>mihimet</span> <span class='ocrx_word' id='word_1_166' title='bbox 1738 2131 1987 2208; x_wconf 87' lang='lat' dir='ltr'>deposco</span> <span class='ocrx_word' id='word_1_167' title='bbox 2032 2131 2168 2208; x_wconf 88' lang='lat' dir='ltr'>ipse,</span> <span class='ocrx_word' id='word_1_168' title='bbox 2207 2138 2271 2188; x_wconf 90' lang='lat' dir='ltr'>ut</span> <span class='ocrx_word' id='word_1_169' title='bbox 2288 2135 2362 2186; x_wconf 89' lang='lat'>45</span> 
     </span>
     <span class='ocr_line' id='line_1_21' title="bbox 338 2227 2269 2308; baseline -0.001 -21"><span class='ocrx_word' id='word_1_170' title='bbox 338 2249 512 2307; x_wconf 90' lang='lat' dir='ltr'>opera</span> <span class='ocrx_word' id='word_1_171' title='bbox 546 2250 775 2308; x_wconf 90' lang='lat' dir='ltr'>quoque</span> <span class='ocrx_word' id='word_1_172' title='bbox 807 2230 1069 2307; x_wconf 84' lang='lat' dir='ltr'>impensa</span> <span class='ocrx_word' id='word_1_173' title='bbox 1101 2227 1404 2286; x_wconf 89' lang='lat' dir='ltr'>consilium</span> <span class='ocrx_word' id='word_1_174' title='bbox 1441 2227 1707 2304; x_wconf 82' lang='lat' dir='ltr'>adjuvem</span> <span class='ocrx_word' id='word_1_175' title='bbox 1741 2247 1952 2299; x_wconf 88' lang='lat' dir='ltr'>meum,</span> <span class='ocrx_word' id='word_1_176' title='bbox 1979 2233 2037 2284; x_wconf 92' lang='lat' dir='ltr'>et</span> <span class='ocrx_word' id='word_1_177' title='bbox 2069 2228 2148 2284; x_wconf 89' lang='lat' dir='ltr'>rei</span> <span class='ocrx_word' id='word_1_178' title='bbox 2181 2247 2269 2286; x_wconf 90' lang='grc'><strong>811-</strong></span> 
     </span>
     <span class='ocr_line' id='line_1_22' title="bbox 338 2324 2268 2404; baseline -0.001 -20"><span class='ocrx_word' id='word_1_179' title='bbox 338 2333 471 2403; x_wconf 87' lang='lat' dir='ltr'>apte</span> <span class='ocrx_word' id='word_1_180' title='bbox 512 2334 715 2384; x_wconf 87' lang='lat' dir='ltr'>natura</span> <span class='ocrx_word' id='word_1_181' title='bbox 755 2333 951 2404; x_wconf 78' lang='lat' dir='ltr'>gratae,</span> <span class='ocrx_word' id='word_1_182' title='bbox 984 2332 1264 2403; x_wconf 87' lang='lat' dir='ltr'>quantum</span> <span class='ocrx_word' id='word_1_183' title='bbox 1308 2325 1542 2401; x_wconf 88' lang='lat' dir='ltr'>insuper</span> <span class='ocrx_word' id='word_1_184' title='bbox 1580 2325 1824 2400; x_wconf 85' lang='lat' dir='ltr'>gratiam</span> <span class='ocrx_word' id='word_1_185' title='bbox 1866 2325 2098 2401; x_wconf 88' lang='lat' dir='ltr'>possim,</span> <span class='ocrx_word' id='word_1_186' title='bbox 2130 2324 2268 2401; x_wconf 87' lang='lat' dir='ltr'>adji-</span> 
     </span>
     <span class='ocr_line' id='line_1_23' title="bbox 338 2421 2264 2498; baseline -0.001 -18"><span class='ocrx_word' id='word_1_187' title='bbox 338 2421 542 2480; x_wconf 88' lang='lat' dir='ltr'>ciam.”</span> <span class='ocrx_word' id='word_1_188' title='bbox 626 2423 873 2480; x_wconf 88' lang='lat' dir='ltr'>Homini</span> <span class='ocrx_word' id='word_1_189' title='bbox 914 2441 1032 2480; x_wconf 91' lang='lat' dir='ltr'>non</span> <span class='ocrx_word' id='word_1_190' title='bbox 1080 2421 1155 2479; x_wconf 89' lang='lat' dir='ltr'>ad</span> <span class='ocrx_word' id='word_1_191' title='bbox 1196 2423 1386 2480; x_wconf 83' lang='lat' dir='ltr'>cetera</span> <span class='ocrx_word' id='word_1_192' title='bbox 1426 2421 1648 2478; x_wconf 87' lang='lat' dir='ltr'>Punica</span> <span class='ocrx_word' id='word_1_193' title='bbox 1689 2422 1920 2498; x_wconf 87' lang='lat' dir='ltr'>ingenia</span> <span class='ocrx_word' id='word_1_194' title='bbox 1959 2421 2160 2480; x_wconf 85' lang='lat' dir='ltr'>callido</span> <span class='ocrx_word' id='word_1_195' title='bbox 2201 2429 2264 2478; x_wconf 92' lang='lat' dir='ltr'>ut</span> 
     </span>
     <span class='ocr_line' id='line_1_24' title="bbox 338 2518 2264 2597; baseline 0 -21"><span class='ocrx_word' id='word_1_196' title='bbox 338 2519 634 2597; x_wconf 86' lang='lat' dir='ltr'>persuasit,</span> <span class='ocrx_word' id='word_1_197' title='bbox 666 2527 835 2578; x_wconf 89' lang='lat' dir='ltr'>nocte</span> <span class='ocrx_word' id='word_1_198' title='bbox 868 2519 1015 2578; x_wconf 89' lang='lat' dir='ltr'>clam</span> <span class='ocrx_word' id='word_1_199' title='bbox 1048 2538 1382 2597; x_wconf 87' lang='lat' dir='ltr'>progressus</span> <span class='ocrx_word' id='word_1_200' title='bbox 1423 2518 1497 2577; x_wconf 87' lang='lat' dir='ltr'>ad</span> <span class='ocrx_word' id='word_1_201' title='bbox 1530 2519 1786 2576; x_wconf 86' lang='lat' dir='ltr'>hostium</span> <span class='ocrx_word' id='word_1_202' title='bbox 1821 2520 2108 2588; x_wconf 81' lang='lat' dir='ltr'>stationeS,</span> <span class='ocrx_word' id='word_1_203' title='bbox 2139 2539 2264 2576; x_wconf 91' lang='grc'><strong>0011-</strong></span> 
     </span>
     <span class='ocr_line' id='line_1_25' title="bbox 340 2615 2353 2694; baseline 0.001 -22"><span class='ocrx_word' id='word_1_204' title='bbox 340 2616 525 2673; x_wconf 85' lang='lat' dir='ltr'>ventis</span> <span class='ocrx_word' id='word_1_205' title='bbox 560 2615 902 2694; x_wconf 88' lang='lat' dir='ltr'>quibusdam</span> <span class='ocrx_word' id='word_1_206' title='bbox 938 2615 1306 2674; x_wconf 85' lang='lat' dir='ltr'>auxiliaribus</span> <span class='ocrx_word' id='word_1_207' title='bbox 1341 2616 1636 2693; x_wconf 84' lang='lat' dir='ltr'>HispaniS,</span> <span class='ocrx_word' id='word_1_208' title='bbox 1668 2621 1727 2673; x_wconf 91' lang='lat' dir='ltr'>et</span> <span class='ocrx_word' id='word_1_209' title='bbox 1760 2615 1832 2672; x_wconf 89' lang='lat' dir='ltr'>ab</span> <span class='ocrx_word' id='word_1_210' title='bbox 1865 2615 1957 2672; x_wconf 93' lang='lat' dir='ltr'>his</span> <span class='ocrx_word' id='word_1_211' title='bbox 1990 2615 2062 2672; x_wconf 90' lang='lat' dir='ltr'>ad</span> <span class='ocrx_word' id='word_1_212' title='bbox 2089 2615 2260 2692; x_wconf 86' lang='lat' dir='ltr'>Scipi·</span> <span class='ocrx_word' id='word_1_213' title='bbox 2281 2624 2353 2675; x_wconf 86' lang='lat'>50</span> 
     </span>
     <span class='ocr_line' id='line_1_26' title="bbox 340 2710 2260 2798; baseline 0.001 -29"><span class='ocrx_word' id='word_1_214' title='bbox 340 2731 510 2769; x_wconf 88' lang='grc'><strong>0116111</strong></span> <span class='ocrx_word' id='word_1_215' title='bbox 559 2711 884 2790; x_wconf 75' lang='lat' dir='ltr'>perductus,</span> <span class='ocrx_word' id='word_1_216' title='bbox 918 2713 1058 2790; x_wconf 90' lang='lat' dir='ltr'>quid</span> <span class='ocrx_word' id='word_1_217' title='bbox 1106 2713 1374 2784; x_wconf 77' lang='lat' dir='ltr'>adferret,</span> <span class='ocrx_word' id='word_1_218' title='bbox 1411 2712 1736 2798; x_wconf 71' lang='lat' dir='ltr'>expromit3</span> <span class='ocrx_word' id='word_1_219' title='bbox 1781 2717 1840 2769; x_wconf 91' lang='lat' dir='ltr'>et</span> <span class='ocrx_word' id='word_1_220' title='bbox 1879 2710 1994 2769; x_wconf 91' lang='lat' dir='ltr'>fide</span> <span class='ocrx_word' id='word_1_221' title='bbox 2042 2719 2260 2788; x_wconf 89' lang='lat' dir='ltr'>accepta</span> 
     </span>
     <span class='ocr_line' id='line_1_27' title="bbox 339 2807 2257 2887; baseline 0 -21"><span class='ocrx_word' id='word_1_222' title='bbox 339 2808 602 2886; x_wconf 90' lang='lat' dir='ltr'>dataque,</span> <span class='ocrx_word' id='word_1_223' title='bbox 634 2829 699 2866; x_wconf 87' lang='lat' dir='ltr'>ac</span> <span class='ocrx_word' id='word_1_224' title='bbox 742 2808 873 2866; x_wconf 91' lang='lat' dir='ltr'>loco</span> <span class='ocrx_word' id='word_1_225' title='bbox 914 2816 973 2868; x_wconf 90' lang='lat' dir='ltr'>et</span> <span class='ocrx_word' id='word_1_226' title='bbox 1009 2818 1270 2887; x_wconf 90' lang='lat' dir='ltr'>tempore</span> <span class='ocrx_word' id='word_1_227' title='bbox 1307 2810 1626 2868; x_wconf 86' lang='lat' dir='ltr'>constituto</span> <span class='ocrx_word' id='word_1_228' title='bbox 1671 2809 1746 2866; x_wconf 90' lang='lat' dir='ltr'>ad</span> <span class='ocrx_word' id='word_1_229' title='bbox 1786 2807 2014 2866; x_wconf 88' lang='lat' dir='ltr'>obsides</span> <span class='ocrx_word' id='word_1_230' title='bbox 2051 2810 2257 2867; x_wconf 89' lang='lat' dir='ltr'>traden-</span> 
     </span>
     <span class='ocr_line' id='line_1_28' title="bbox 339 2903 2254 2984; baseline 0 -21"><span class='ocrx_word' id='word_1_231' title='bbox 339 2906 462 2979; x_wconf 91' lang='lat' dir='ltr'>dos,</span> <span class='ocrx_word' id='word_1_232' title='bbox 497 2905 819 2984; x_wconf 86' lang='lat' dir='ltr'>Saguntum</span> <span class='ocrx_word' id='word_1_233' title='bbox 861 2905 1024 2965; x_wconf 88' lang='lat' dir='ltr'>redit.</span> <span class='ocrx_word' id='word_1_234' title='bbox 1136 2905 1313 2964; x_wconf 90' lang='lat' dir='ltr'>Diem</span> <span class='ocrx_word' id='word_1_235' title='bbox 1355 2906 1751 2984; x_wconf 88' lang='lat' dir='ltr'>insequentem</span> <span class='ocrx_word' id='word_1_236' title='bbox 1787 2903 2105 2981; x_wconf 78' lang='lat' dir='ltr'>absumpsit</span> <span class='ocrx_word' id='word_1_237' title='bbox 2135 2925 2254 2963; x_wconf 91' lang='lat' dir='ltr'>cum</span> 
     </span>
     <span class='ocr_line' id='line_1_29' title="bbox 338 3001 2249 3080; baseline -0.001 -19"><span class='ocrx_word' id='word_1_238' title='bbox 338 3003 580 3063; x_wconf 90' lang='lat' dir='ltr'>Bostare</span> <span class='ocrx_word' id='word_1_239' title='bbox 613 3002 901 3060; x_wconf 87' lang='lat' dir='ltr'>mandatis</span> <span class='ocrx_word' id='word_1_240' title='bbox 938 3003 1013 3061; x_wconf 90' lang='lat' dir='ltr'>ad</span> <span class='ocrx_word' id='word_1_241' title='bbox 1045 3021 1167 3060; x_wconf 89' lang='lat' dir='ltr'>rem</span> <span class='ocrx_word' id='word_1_242' title='bbox 1200 3002 1481 3079; x_wconf 87' lang='lat' dir='ltr'>agendam</span> <span class='ocrx_word' id='word_1_243' title='bbox 1517 3001 1878 3080; x_wconf 71' lang='lat' dir='ltr'>accipiendis</span> <span class='ocrx_word' id='word_1_244' title='bbox 1963 3001 2249 3073; x_wconf 81' lang='lat' dir='ltr'>DimissuS,</span> 
     </span>
     <span class='ocr_line' id='line_1_30' title="bbox 338 3098 2341 3171; baseline 0.001 -13"><span class='ocrx_word' id='word_1_245' title='bbox 338 3121 472 3159; x_wconf 92' lang='lat' dir='ltr'>cum</span> <span class='ocrx_word' id='word_1_246' title='bbox 507 3120 566 3158; x_wconf 91' lang='lat' dir='ltr'>se</span> <span class='ocrx_word' id='word_1_247' title='bbox 602 3107 773 3158; x_wconf 89' lang='lat' dir='ltr'>nocte</span> <span class='ocrx_word' id='word_1_248' title='bbox 812 3099 1045 3171; x_wconf 90' lang='lat' dir='ltr'>iturum,</span> <span class='ocrx_word' id='word_1_249' title='bbox 1076 3106 1144 3157; x_wconf 91' lang='grc'><strong>111,</strong></span> <span class='ocrx_word' id='word_1_250' title='bbox 1181 3099 1471 3156; x_wconf 88' lang='lat' dir='ltr'>custodias</span> <span class='ocrx_word' id='word_1_251' title='bbox 1504 3099 1760 3156; x_wconf 90' lang='lat' dir='ltr'>hostium</span> <span class='ocrx_word' id='word_1_252' title='bbox 1795 3098 2036 3171; x_wconf 84' lang='lat' dir='ltr'>falleret,</span> <span class='ocrx_word' id='word_1_253' title='bbox 2067 3100 2252 3156; x_wconf 88' lang='lat' dir='ltr'>consti·</span> <span class='ocrx_word' id='word_1_254' title='bbox 2271 3110 2341 3161; x_wconf 88' lang='lat'>55</span> 
     </span>
     <span class='ocr_line' id='line_1_31' title="bbox 338 3195 2250 3274; baseline -0.001 -18"><span class='ocrx_word' id='word_1_255' title='bbox 338 3200 559 3270; x_wconf 88' lang='lat' dir='ltr'>tuisset‚</span> <span class='ocrx_word' id='word_1_256' title='bbox 592 3197 665 3255; x_wconf 92' lang='lat' dir='ltr'>ad</span> <span class='ocrx_word' id='word_1_257' title='bbox 698 3197 1078 3274; x_wconf 87' lang='lat' dir='ltr'>compositam</span> <span class='ocrx_word' id='word_1_258' title='bbox 1122 3215 1254 3253; x_wconf 90' lang='lat' dir='ltr'>cum</span> <span class='ocrx_word' id='word_1_259' title='bbox 1297 3195 1368 3253; x_wconf 91' lang='lat' dir='ltr'>iis</span> <span class='ocrx_word' id='word_1_260' title='bbox 1400 3195 1602 3253; x_wconf 90' lang='lat' dir='ltr'>horam</span> <span class='ocrx_word' id='word_1_261' title='bbox 1645 3195 1908 3254; x_wconf 86' lang='lat' dir='ltr'>excitatis</span> <span class='ocrx_word' id='word_1_262' title='bbox 1940 3195 2250 3254; x_wconf 89' lang='lat' dir='ltr'>custodibus</span> 
     </span>
     <span class='ocr_line' id='line_1_32' title="bbox 338 3292 2248 3371; baseline 0.001 -21"><span class='ocrx_word' id='word_1_263' title='bbox 338 3313 649 3368; x_wconf 89' lang='lat' dir='ltr'>puerorum</span> <span class='ocrx_word' id='word_1_264' title='bbox 677 3294 986 3371; x_wconf 79' lang='lat' dir='ltr'>p1·ofectuS‚</span> <span class='ocrx_word' id='word_1_265' title='bbox 1012 3292 1190 3351; x_wconf 84' lang='lat' dir='ltr'>veluti</span> <span class='ocrx_word' id='word_1_266' title='bbox 1218 3294 1451 3371; x_wconf 91' lang='lat' dir='ltr'>ignarus</span> <span class='ocrx_word' id='word_1_267' title='bbox 1479 3293 1537 3350; x_wconf 91' lang='grc'>111</span> <span class='ocrx_word' id='word_1_268' title='bbox 1567 3300 1916 3370; x_wconf 87' lang='lat' dir='ltr'>praeparatas</span> <span class='ocrx_word' id='word_1_269' title='bbox 1945 3312 2048 3349; x_wconf 89' lang='lat' dir='ltr'>sua</span> <span class='ocrx_word' id='word_1_270' title='bbox 2071 3293 2248 3351; x_wconf 81' lang='lat' dir='ltr'>fraude</span> 
     </span>
     <span class='ocr_line' id='line_1_33' title="bbox 340 3388 2246 3467; baseline 0.003 -26"><span class='ocrx_word' id='word_1_271' title='bbox 340 3388 577 3444; x_wconf 88' lang='lat' dir='ltr'>insidias</span> <span class='ocrx_word' id='word_1_272' title='bbox 618 3389 793 3446; x_wconf 90' lang='lat' dir='ltr'>ducit.</span> <span class='ocrx_word' id='word_1_273' title='bbox 879 3389 948 3446; x_wconf 88' lang='lat' dir='ltr'>In</span> <span class='ocrx_word' id='word_1_274' title='bbox 991 3396 1173 3446; x_wconf 81' lang='lat' dir='ltr'>castra</span> <span class='ocrx_word' id='word_1_275' title='bbox 1210 3390 1475 3446; x_wconf 87' lang='lat' dir='ltr'>Romana</span> <span class='ocrx_word' id='word_1_276' title='bbox 1505 3389 1807 3467; x_wconf 87' lang='lat' dir='ltr'>perducti:</span> <span class='ocrx_word' id='word_1_277' title='bbox 1853 3395 2042 3446; x_wconf 91' lang='lat' dir='ltr'>cetera</span> <span class='ocrx_word' id='word_1_278' title='bbox 2080 3389 2246 3447; x_wconf 87' lang='lat' dir='ltr'>omnia</span> 
     </span>
    </p>

    <p class='ocr_par' dir='ltr' id='par_1_4' title="bbox 342 3480 2328 3754">
     <span class='ocr_line' id='line_1_34' title="bbox 342 3480 2241 3559; baseline 0.005 -26"><span class='ocrx_word' id='word_1_279' title='bbox 342 3480 414 3534; x_wconf 88' lang='lat' dir='ltr'>de</span> <span class='ocrx_word' id='word_1_280' title='bbox 442 3480 747 3539; x_wconf 82' lang='lat' dir='ltr'>reddendis</span> <span class='ocrx_word' id='word_1_281' title='bbox 781 3485 1093 3556; x_wconf 78' lang='lat' dir='ltr'>obsidibuS,</span> <span class='ocrx_word' id='word_1_282' title='bbox 1118 3487 1266 3543; x_wconf 90' lang='lat' dir='ltr'>sicut</span> <span class='ocrx_word' id='word_1_283' title='bbox 1294 3505 1423 3542; x_wconf 91' lang='lat' dir='ltr'>cum</span> <span class='ocrx_word' id='word_1_284' title='bbox 1453 3485 1697 3543; x_wconf 88' lang='lat' dir='ltr'>Bostare</span> <span class='ocrx_word' id='word_1_285' title='bbox 1726 3487 2100 3544; x_wconf 87' lang='lat' dir='ltr'>constitutum</span> <span class='ocrx_word' id='word_1_286' title='bbox 2126 3493 2241 3559; x_wconf 86' lang='lat' dir='ltr'>erat,</span> 
     </span>
     <span class='ocr_line' id='line_1_35' title="bbox 343 3576 2328 3657; baseline 0.008 -33"><span class='ocrx_word' id='word_1_287' title='bbox 343 3576 471 3633; x_wconf 78' lang='lat' dir='ltr'>acta</span> <span class='ocrx_word' id='word_1_288' title='bbox 509 3589 613 3644; x_wconf 92' lang='lat' dir='ltr'>per</span> <span class='ocrx_word' id='word_1_289' title='bbox 652 3576 896 3632; x_wconf 91' lang='lat' dir='ltr'>eundem</span> <span class='ocrx_word' id='word_1_290' title='bbox 940 3579 1138 3636; x_wconf 89' lang='lat' dir='ltr'>ordine</span> <span class='ocrx_word' id='word_1_291' title='bbox 1181 3599 1296 3657; x_wconf 91' lang='lat' dir='ltr'>quo</span> <span class='ocrx_word' id='word_1_292' title='bbox 1347 3580 1395 3636; x_wconf 93' lang='lat' dir='ltr'>si</span> <span class='ocrx_word' id='word_1_293' title='bbox 1437 3579 1999 3657; x_wconf 84' lang='lat' dir='ltr'>Carthaginiensium</span> <span class='ocrx_word' id='word_1_294' title='bbox 2041 3581 2242 3639; x_wconf 89' lang='lat' dir='ltr'>nomine</span> <span class='ocrx_word' id='word_1_295' title='bbox 2262 3587 2328 3640; x_wconf 88' lang='grc'><strong>60</strong></span> 
     </span>
     <span class='ocr_line' id='line_1_36' title="bbox 344 3663 2241 3754; baseline 0.009 -36"><span class='ocrx_word' id='word_1_296' title='bbox 344 3663 425 3718; x_wconf 90' lang='grc'>810</span> <span class='ocrx_word' id='word_1_297' title='bbox 467 3671 741 3737; x_wconf 86' lang='lat' dir='ltr'>ageretur.</span> <span class='ocrx_word' id='word_1_298' title='bbox 828 3669 1016 3746; x_wconf 85' lang='lat' dir='ltr'>Major</span> <span class='ocrx_word' id='word_1_299' title='bbox 1056 3674 1350 3751; x_wconf 84' lang='lat' dir='ltr'>aliquanto</span> <span class='ocrx_word' id='word_1_300' title='bbox 1393 3675 1788 3734; x_wconf 89' lang='lat' dir='ltr'>Romanorum</span> <span class='ocrx_word' id='word_1_301' title='bbox 1830 3677 2018 3754; x_wconf 87' lang='lat' dir='ltr'>gratia</span> <span class='ocrx_word' id='word_1_302' title='bbox 2057 3678 2156 3735; x_wconf 79' lang='lat' dir='ltr'>fuit</span> <span class='ocrx_word' id='word_1_303' title='bbox 2188 3677 2241 3734; x_wconf 91' lang='lat' dir='ltr'>in</span> 
     </span>
    </p>

    <p class='ocr_par' dir='ltr' id='par_1_5' title="bbox 343 3757 2240 3846">
     <span class='ocr_line' id='line_1_37' title="bbox 343 3757 2240 3846; baseline 0.009 -33"><span class='ocrx_word' id='word_1_304' title='bbox 343 3774 404 3812; x_wconf 90' lang='lat' dir='ltr'>re</span> <span class='ocrx_word' id='word_1_305' title='bbox 431 3757 557 3828; x_wconf 87' lang='lat' dir='ltr'>pari</span> <span class='ocrx_word' id='word_1_306' title='bbox 586 3777 756 3832; x_wconf 90' lang='lat' dir='ltr'>quam</span> <span class='ocrx_word' id='word_1_307' title='bbox 789 3771 1001 3835; x_wconf 86' lang='lat' dir='ltr'>quanta</span> <span class='ocrx_word' id='word_1_308' title='bbox 1032 3768 1229 3826; x_wconf 84' lang='lat' dir='ltr'>futura</span> <span class='ocrx_word' id='word_1_309' title='bbox 1257 3771 1818 3846; x_wconf 87' lang='lat' dir='ltr'>Carthaginiensium</span> <span class='ocrx_word' id='word_1_310' title='bbox 1846 3774 2052 3833; x_wconf 84' lang='lat' dir='ltr'>fuerat.</span> <span class='ocrx_word' id='word_1_311' title='bbox 2125 3773 2240 3832; x_wconf 88' lang='lat' dir='ltr'>Hlos</span> 
     </span>
    </p>
   </div>
  </div>
 </body>
</html>
