2459 3967
369 255 496 315 154
1204 269 1320 307 τιτι
1363 267 1488 306 mvl
2046 240 2198 319 [Lm.
2220 242 2292 301 II.
2396 190 2398 347 ἐ

368 408 678 484 lictoribuS,
709 411 962 469 fascibus
999 410 1214 483 fractiS,
1248 430 1279 468 e
1323 411 1453 468 foro
1498 410 1557 467 in
1604 408 1816 467 curiam
1858 403 2298 482 compelluntur,

367 509 585 581 incerti,
613 515 893 587 quatenus
921 508 1136 567 Volero
1167 514 1453 567 exerceret
1480 506 1795 564 victoriam.
1874 502 2303 561 Conticisoente
2398 521 2400 597 1

369 606 576 664 deinde
605 607 874 680 tumultU,
896 626 1028 665 cum
1056 607 1118 665 in
1149 614 1409 665 senatum
1434 604 1622 663 vocari
1648 603 1963 681 jussissent,
1986 606 2306 679 queruntur
2324 607 2374 659 35
2398 610 2400 635 ²

367 703 605 781 injurias
639 724 786 779 suas,
810 705 928 763 vim
960 704 1162 784 plebis,
1179 703 1487 763 Voleronis
1528 701 1838 760 audaciam.
1921 698 2124 756 Multis
2156 700 2308 757 fero-

368 802 509 859 citer
536 802 708 861 dictis
741 802 1055 875 sententiiS,
1081 804 1265 861 vicere
1301 803 1563 873 seniores,
1591 798 1799 878 quibus
1832 798 1915 856 ira
1940 802 2176 875 patrum
2215 796 2310 854 ad-

368 917 560 959 versus
588 902 972 961 temeritatem
1000 900 1185 978 plebis
1214 901 1416 959 certari
1446 918 1561 956 non
1590 896 1821 976 placuit.
2400 889 2402 1005 l

1258 1071 1410 1126 LVI.

404 1223 568 1263 Volero
587 1220 766 1262 created
889 1183 1237 1244 Voleronem
1283 1176 1546 1255 amplexa
1582 1178 1780 1238 favore
1821 1184 1985 1257 plebs
2022 1186 2316 1263 proximis

365 1296 393 1326 a
414 1286 598 1326 tribune
621 1284 674 1323 οἰ
689 1285 768 1324 the
809 1275 1058 1337 comitiis
1090 1272 1389 1333 tribunum
1423 1273 1579 1352 plebi
1612 1282 1765 1333 creat
1798 1276 1861 1333 in
1896 1297 2029 1335 eum
2064 1300 2314 1356 annum,
2402 1255 2405 1321 ι

363 1347 768 1455 ἓῗέᾞὲῖῗῃ-Ῐξζ
810 1373 910 1450 qui
937 1371 1179 1431 Lucium
1214 1372 1514 1430 Pinarium
1548 1371 1614 1430 P.
1636 1370 1873 1430 Furium
1906 1376 2175 1435 consules
2215 1380 2318 1437 ha-
2402 1322 2404 1393 i

362 1481 546 1531 portant
563 1479 650 1519 law
664 1476 764 1518 that
803 1468 947 1528 buit.
1019 1468 1349 1547 Contraque
1377 1468 1637 1527 omnium
1666 1469 2017 1546 opinionem,
2038 1473 2140 1549 qui
2169 1494 2313 1533 eum

361 1542 765 1653 Ξζζξζῖοᾞξξζ
805 1567 1080 1624 vexandis
1112 1566 1321 1645 prioris
1354 1566 1490 1623 anni
1524 1564 1853 1623 consulibus
1887 1568 2309 1643 permissurum
2369 1578 2396 1628 5

361 1676 598 1719 elected
620 1678 668 1718 at
689 1677 766 1717 the
808 1663 1162 1721 tribunatum
1207 1662 1529 1734 credebant,
1560 1669 1695 1739 post
1735 1662 2027 1740 publicam
2070 1684 2306 1725 causam

362 1743 763 1853 31231—2131‘211311
803 1761 1028 1837 privato
1062 1760 1261 1818 dolore
1293 1759 1511 1831 habito,
1542 1778 1616 1817 ne
1648 1759 1823 1817 verbo
1860 1761 2093 1837 quidem
2128 1763 2305 1821 viola-

363 1878 666 1929 struggles
687 1878 764 1920 be-
805 1858 882 1915 tis
927 1856 1271 1929 consulibua,
1303 1856 1663 1933 rogationem
1703 1856 1840 1914 tulit
1877 1858 1952 1915 ad
1995 1858 2296 1934 populum,

362 1944 763 2055 ζνζέθέῐὲῑῗοὲἶῖἕ
803 1946 868 2011 ut
897 1936 1107 2032 plebeii
1139 1954 1509 2031 magistratus
1538 1952 1771 2010 tributis
1800 1954 2048 2012 comitiis
2076 1954 2295 2015 fierent.

361 2078 463 2119 sion
492 2079 762 2121 between
803 2050 982 2109 Haud
1014 2070 1190 2127 parva
1220 2070 1309 2107 res
1344 2049 1449 2106 sub
1484 2049 1655 2107 titulo
1690 2050 1876 2127 prima
1908 2050 2093 2125 specie
2126 2052 2300 2109 mini·
2321 2061 2393 2112 10

361 2146 536 2196 Appius
581 2145 764 2188 Clssuffl·
805 2166 897 2205 me
926 2148 1107 2204 atroci
1134 2146 1454 2218 ferebatur3
1494 2146 1595 2203 sed
1624 2164 1750 2223 quae
1780 2144 2031 2222 patriciis
2059 2164 2297 2205 omnem

363 2214 556 2320 xg’dtgfe
581 2212 764 2321 ffissfflg
805 2248 1152 2319 potestatem
1206 2262 1311 2319 per
1365 2242 1660 2299 clientium
1724 2242 1992 2319 suffragia
2044 2244 2294 2317 creandi,

363 2345 634 2421 Lae-toria
652 2356 687 2386 s.
717 2366 768 2374 -
812 2358 954 2416 quos
984 2338 1208 2409 vellent,
1233 2337 1496 2395 tribunos
1524 2338 1788 2396 auferret.
1873 2338 2029 2397 Huic
2062 2340 2293 2413 actioni,

363 2411 766 2528 3233ssssless
806 2435 1147 2511 gratissimae
1189 2433 1362 2511 plebi,
1400 2432 1540 2491 ¹cum
1598 2453 1822 2491 summa
1868 2434 1927 2491 vi
1972 2436 2295 2495 resisterent

362 2543 522 2595 length
544 2543 662 2584 stine
689 2544 767 2584 the
809 2539 1015 2607 patres,
1047 2550 1168 2601 nec,
1201 2549 1329 2607 quae
1366 2550 1483 2588 una
1513 2531 1600 2588 vis
1637 2529 1710 2588 ad
1742 2530 2123 2590 resistendum
2158 2541 2290 2606 erat,
2313 2539 2381 2592 15

363 2610 544 2651 ‘'mm“
809 2634 876 2684 ut
909 2626 1299 2699 intercederet,
1331 2626 1536 2705 aliquis
1570 2646 1638 2685 ex
1674 2626 1915 2705 collegio
1958 2630 2293 2688 auctoritate

365 2732 463 2783 aut
503 2724 802 2783 consulum
841 2731 940 2781 aut
972 2723 1301 2800 principum
1341 2723 1549 2781 adduci
1586 2730 1796 2800 posset,
1828 2706 1919 2781 res
1950 2731 2160 2798 tamen,
2191 2747 2290 2784 suo

362 2823 490 2899 ipsa
539 2822 836 2880 molimine
881 2820 1086 2897 graviS‚
1128 2820 1538 2878 certaminibus
1587 2820 1647 2877 in
1699 2840 1913 2878 annum
1963 2822 2285 2882 extrahitur.

363 2921 569 2979 Plebes
615 2920 965 2979 Voleronem
1011 2918 1307 2975 tribunum
1352 2918 1548 2977 reficit.
1650 2918 1868 2992 PatreS,
1906 2921 1980 2977 ad
2025 2920 2288 2979 ultimum

362 3018 753 3077 dimicationis
780 3017 890 3074 rati
916 3035 1038 3074 rem
1069 3022 1384 3088 venturam,
1406 3015 1517 3093 Ap.
1541 3015 1863 3088 Claudium,
1885 3017 2065 3094 Appii
2093 3017 2283 3091 filium,
2306 3027 2370 3078 20

361 3117 480 3192 jam
512 3116 648 3173 inde
682 3134 716 3172 a
748 3106 1002 3193 paternis
1038 3114 1446 3171 certaminibus
1482 3114 1727 3170 invisum
1764 3113 2152 3192 infestumque
2180 3116 2287 3192 ple-

362 3212 440 3283 bi,
465 3212 757 3271 consulem
785 3212 1024 3270 faciunt.
1110 3210 1349 3288 Collega
1376 3212 1428 3269 ei
1456 3211 1623 3269 Titus
1650 3210 1953 3280 Quinctius
1982 3211 2161 3270 datur.

443 3308 739 3385 Principio
775 3310 970 3366 statim
1007 3309 1142 3366 anni
1175 3309 1321 3366 nihil
1350 3309 1509 3387 prius
1540 3327 1711 3386 quam
1746 3309 1816 3365 de
1844 3308 1969 3386 lege
2002 3309 2278 3385 agebatur.

365 3400 480 3458 Sed
534 3410 599 3460 ut
642 3405 908 3463 inventor
952 3406 1096 3483 legis
1141 3406 1377 3479 Voler0,
1420 3407 1499 3463 sic
1541 3405 1823 3464 Laetorius
1878 3405 2096 3483 collega
2148 3406 2277 3483 ejuS,

365 3503 564 3553 auctor
606 3517 739 3554 cum
793 3499 1074 3559 recentior
1123 3511 1249 3560 tum
1299 3504 1481 3561 acrior
1529 3510 1685 3561 erat:
1743 3504 1994 3562 ferocem
2044 3503 2279 3562 faciebat
2297 3511 2361 3562 25

364 3590 498 3648 belli
532 3592 716 3669 gloria
756 3595 972 3672 ingenS,
1008 3601 1163 3676 quod
1197 3601 1385 3659 aetatis
1428 3602 1552 3679 ejus
1585 3602 1742 3659 haud
1776 3601 2078 3680 quisquam
2116 3620 2277 3659 manu

365 3688 690 3764 promptior
723 3696 856 3747 erat.
942 3693 1015 3765 Is,
1048 3715 1178 3752 cum
1209 3697 1425 3756 Volero
1468 3698 1614 3756 nihil
1647 3706 2027 3777 praeterquam
2062 3698 2133 3757 de
2163 3698 2275 3776 lege

365 3778 707 3858 loqueretur,
738 3784 1110 3847 insectatione
1148 3792 1441 3851 abstinens
1474 3796 1791 3868 consulum,
1822 3796 1945 3874 ipse
1979 3796 2038 3853 in
2073 3814 2275 3853 accusa-
