<?xml version="1.0" encoding="UTF-8"?>
<!DOCTYPE html PUBLIC "-//W3C//DTD XHTML 1.0 Transitional//EN"
    "http://www.w3.org/TR/xhtml1/DTD/xhtml1-transitional.dtd">
<html xmlns="http://www.w3.org/1999/xhtml" xml:lang="en" lang="en">
 <head>
  <title>
</title>
<meta http-equiv="Content-Type" content="text/html;charset=utf-8" />
  <meta name='ocr-system' content='tesseract 3.04.00' />
  <meta name='ocr-capabilities' content='ocr_page ocr_carea ocr_par ocr_line ocrx_word'/>
</head>
<body>
  <div class='ocr_page' id='page_1' title='image "./titiliviaburbec10livygoog_0300.png"; bbox 0 0 2459 3967; ppageno 0'>
   <div class='ocr_carea' id='block_1_1' title="bbox 309 187 2266 267">
    <p class='ocr_par' dir='ltr' id='par_1_1' title="bbox 309 187 2266 267">
     <span class='ocr_line' id='line_1_1' title="bbox 309 187 2266 267; baseline -0.002 -13"><span class='ocrx_word' id='word_1_1' title='bbox 309 191 438 254; x_wconf 83' lang='lat'>296</span> <span class='ocrx_word' id='word_1_2' title='bbox 1136 211 1254 252; x_wconf 77' lang='lat' dir='ltr'>Tru</span> <span class='ocrx_word' id='word_1_3' title='bbox 1296 212 1422 252; x_wconf 75' lang='lat' dir='ltr'>1,1v1</span> <span class='ocrx_word' id='word_1_4' title='bbox 1777 203 1786 212; x_wconf 84' lang='grc'><em>·</em></span> <span class='ocrx_word' id='word_1_5' title='bbox 1869 187 2021 267; x_wconf 74' lang='lat' dir='ltr'>[Lm.</span> <span class='ocrx_word' id='word_1_6' title='bbox 2045 191 2266 250; x_wconf 86' lang='lat' dir='ltr'>XXII.</span> 
     </span>
    </p>
   </div>
   <div class='ocr_carea' id='block_1_2' title="bbox 308 351 2439 1602">
    <p class='ocr_par' dir='ltr' id='par_1_2' title="bbox 308 351 2439 1602">
     <span class='ocr_line' id='line_1_2' title="bbox 308 351 2328 431; baseline 0 -21"><span class='ocrx_word' id='word_1_7' title='bbox 308 351 501 411; x_wconf 79' lang='lat' dir='ltr'>autem</span> <span class='ocrx_word' id='word_1_8' title='bbox 536 353 611 411; x_wconf 85' lang='lat' dir='ltr'>ad</span> <span class='ocrx_word' id='word_1_9' title='bbox 637 352 853 412; x_wconf 84' lang='lat' dir='ltr'>Poenos</span> <span class='ocrx_word' id='word_1_10' title='bbox 880 354 943 411; x_wconf 89' lang='lat' dir='ltr'>hi</span> <span class='ocrx_word' id='word_1_11' title='bbox 971 353 1191 431; x_wconf 89' lang='lat' dir='ltr'>populi,</span> <span class='ocrx_word' id='word_1_12' title='bbox 1216 353 1489 426; x_wconf 87' lang='lat' dir='ltr'>Atellani,</span> <span class='ocrx_word' id='word_1_13' title='bbox 1513 353 1782 426; x_wconf 74' lang='lat' dir='ltr'>Calatini,</span> <span class='ocrx_word' id='word_1_14' title='bbox 1806 353 2062 431; x_wconf 80' lang='lat' dir='ltr'>Hirpini,</span> <span class='ocrx_word' id='word_1_15' title='bbox 2095 353 2268 430; x_wconf 87' lang='lat' dir='ltr'>Apu·</span> <span class='ocrx_word' id='word_1_16' title='bbox 2323 387 2328 392; x_wconf 92' lang='lat'><strong>·</strong></span> 
     </span>
     <span class='ocr_line' id='line_1_3' title="bbox 309 448 2263 528; baseline 0 -23"><span class='ocrx_word' id='word_1_17' title='bbox 309 448 493 506; x_wconf 89' lang='lat' dir='ltr'>lorum</span> <span class='ocrx_word' id='word_1_18' title='bbox 519 469 663 528; x_wconf 87' lang='lat' dir='ltr'>pars,</span> <span class='ocrx_word' id='word_1_19' title='bbox 688 449 977 508; x_wconf 77' lang='lat' dir='ltr'>Samnites</span> <span class='ocrx_word' id='word_1_20' title='bbox 999 458 1209 528; x_wconf 83' lang='lat' dir='ltr'>praeter</span> <span class='ocrx_word' id='word_1_21' title='bbox 1230 451 1493 522; x_wconf 63' lang='lat' dir='ltr'>Pentros»,</span> <span class='ocrx_word' id='word_1_22' title='bbox 1513 451 1734 509; x_wconf 85' lang='lat' dir='ltr'>Bruttii</span> <span class='ocrx_word' id='word_1_23' title='bbox 1762 470 1978 522; x_wconf 84' lang='lat' dir='ltr'>omneS‚</span> <span class='ocrx_word' id='word_1_24' title='bbox 2003 450 2263 507; x_wconf 85' lang='lat' dir='ltr'>Lucani:</span> 
     </span>
     <span class='ocr_line' id='line_1_4' title="bbox 310 533 2439 624; baseline 0 -21"><span class='ocrx_word' id='word_1_25' title='bbox 310 553 521 624; x_wconf 67' lang='lat' dir='ltr'>praeter</span> <span class='ocrx_word' id='word_1_26' title='bbox 552 546 974 615; x_wconf 83' lang='lat' dir='ltr'>hostentini</span> <span class='ocrx_word' id='word_1_27' title='bbox 1008 556 1067 607; x_wconf 88' lang='lat' dir='ltr'>et</span> <span class='ocrx_word' id='word_1_28' title='bbox 1094 548 1430 606; x_wconf 81' lang='lat' dir='ltr'>Graecorum</span> <span class='ocrx_word' id='word_1_29' title='bbox 1465 549 1655 606; x_wconf 91' lang='lat' dir='ltr'>omnis</span> <span class='ocrx_word' id='word_1_30' title='bbox 1688 549 1872 606; x_wconf 87' lang='lat' dir='ltr'>ferme</span> <span class='ocrx_word' id='word_1_31' title='bbox 1905 567 2022 619; x_wconf 88' lang='lat' dir='ltr'>ora,</span> <span class='ocrx_word' id='word_1_32' title='bbox 2047 548 2266 606; x_wconf 82' lang='lat' dir='ltr'>Taren-</span> <span class='ocrx_word' id='word_1_33' title='bbox 2285 551 2362 603; x_wconf 88' lang='lat'>45</span> <span class='ocrx_word' id='word_1_34' title='bbox 2438 533 2439 542; x_wconf 13' lang='grc' dir='ltr'>ἦ</span> 
     </span>
     <span class='ocr_line' id='line_1_5' title="bbox 309 644 2265 724; baseline 0.002 -24"><span class='ocrx_word' id='word_1_35' title='bbox 309 644 437 715; x_wconf 89' lang='lat' dir='ltr'>tini,</span> <span class='ocrx_word' id='word_1_36' title='bbox 462 644 865 724; x_wconf 78' lang='lat' dir='ltr'>Metapontini,</span> <span class='ocrx_word' id='word_1_37' title='bbox 889 646 1298 704; x_wconf 78' lang='lat' dir='ltr'>Crotonienses</span> <span class='ocrx_word' id='word_1_38' title='bbox 1325 645 1623 724; x_wconf 87' lang='lat' dir='ltr'>Locrique,</span> <span class='ocrx_word' id='word_1_39' title='bbox 1649 653 1709 704; x_wconf 91' lang='lat' dir='ltr'>et</span> <span class='ocrx_word' id='word_1_40' title='bbox 1735 645 2019 723; x_wconf 77' lang='lat' dir='ltr'>Cisalpini</span> <span class='ocrx_word' id='word_1_41' title='bbox 2053 664 2265 704; x_wconf 84' lang='lat' dir='ltr'>omnes</span> 
     </span>
     <span class='ocr_line' id='line_1_6' title="bbox 310 739 2266 822; baseline 0.001 -22"><span class='ocrx_word' id='word_1_42' title='bbox 310 739 478 800; x_wconf 80' lang='lat' dir='ltr'>Galli.</span> <span class='ocrx_word' id='word_1_43' title='bbox 562 742 622 802; x_wconf 94' lang='lat' dir='ltr'>N</span> <span class='ocrx_word' id='word_1_44' title='bbox 622 763 687 802; x_wconf 89' lang='lat' dir='ltr'>ec</span> <span class='ocrx_word' id='word_1_45' title='bbox 723 750 919 802; x_wconf 85' lang='lat' dir='ltr'>tamen</span> <span class='ocrx_word' id='word_1_46' title='bbox 958 762 1043 802; x_wconf 81' lang='lat' dir='ltr'>eae</span> <span class='ocrx_word' id='word_1_47' title='bbox 1081 743 1272 802; x_wconf 80' lang='lat' dir='ltr'>clades</span> <span class='ocrx_word' id='word_1_48' title='bbox 1309 743 1781 822; x_wconf 79' lang='lat' dir='ltr'>defectionesque</span> <span class='ocrx_word' id='word_1_49' title='bbox 1813 743 2102 802; x_wconf 83' lang='lat' dir='ltr'>sociorum</span> <span class='ocrx_word' id='word_1_50' title='bbox 2137 763 2266 801; x_wconf 93' lang='lat' dir='ltr'>mo-</span> 
     </span>
     <span class='ocr_line' id='line_1_7' title="bbox 311 839 2264 919; baseline 0.001 -23"><span class='ocrx_word' id='word_1_51' title='bbox 311 846 533 912; x_wconf 87' lang='lat' dir='ltr'>verunt,</span> <span class='ocrx_word' id='word_1_52' title='bbox 556 847 621 900; x_wconf 88' lang='lat' dir='ltr'>ut</span> <span class='ocrx_word' id='word_1_53' title='bbox 646 842 805 919; x_wconf 81' lang='lat' dir='ltr'>pacis</span> <span class='ocrx_word' id='word_1_54' title='bbox 832 861 1108 919; x_wconf 88' lang='lat' dir='ltr'>umquam</span> <span class='ocrx_word' id='word_1_55' title='bbox 1137 842 1358 901; x_wconf 86' lang='lat' dir='ltr'>mentio</span> <span class='ocrx_word' id='word_1_56' title='bbox 1380 841 1537 919; x_wconf 89' lang='lat' dir='ltr'>apud</span> <span class='ocrx_word' id='word_1_57' title='bbox 1553 841 1848 909; x_wconf 80' lang='lat' dir='ltr'>Romanos</span> <span class='ocrx_word' id='word_1_58' title='bbox 1868 839 2048 912; x_wconf 88' lang='lat' dir='ltr'>fieret,</span> <span class='ocrx_word' id='word_1_59' title='bbox 2070 859 2264 918; x_wconf 88' lang='lat' dir='ltr'>neque</span> 
     </span>
     <span class='ocr_line' id='line_1_8' title="bbox 312 937 2264 1017; baseline 0.001 -23"><span class='ocrx_word' id='word_1_60' title='bbox 312 944 447 995; x_wconf 87' lang='lat' dir='ltr'>ante</span> <span class='ocrx_word' id='word_1_61' title='bbox 480 939 729 996; x_wconf 86' lang='lat' dir='ltr'>consulis</span> <span class='ocrx_word' id='word_1_62' title='bbox 757 938 1003 997; x_wconf 85' lang='lat' dir='ltr'>Romam</span> <span class='ocrx_word' id='word_1_63' title='bbox 1038 939 1370 1011; x_wconf 83' lang='lat' dir='ltr'>adventum,</span> <span class='ocrx_word' id='word_1_64' title='bbox 1402 958 1508 997; x_wconf 91' lang='lat' dir='ltr'>nec</span> <span class='ocrx_word' id='word_1_65' title='bbox 1541 946 1851 1017; x_wconf 85' lang='lat' dir='ltr'>postquam</span> <span class='ocrx_word' id='word_1_66' title='bbox 1885 939 1934 996; x_wconf 85' lang='lat' dir='ltr'>is</span> <span class='ocrx_word' id='word_1_67' title='bbox 1969 937 2144 996; x_wconf 88' lang='lat' dir='ltr'>rediit</span> <span class='ocrx_word' id='word_1_68' title='bbox 2177 957 2264 996; x_wconf 90' lang='lat' dir='ltr'>re-</span> 
     </span>
     <span class='ocr_line' id='line_1_9' title="bbox 312 1035 2360 1114; baseline 0 -21"><span class='ocrx_word' id='word_1_69' title='bbox 312 1036 658 1114; x_wconf 85' lang='lat' dir='ltr'>novavitque</span> <span class='ocrx_word' id='word_1_70' title='bbox 682 1037 1018 1094; x_wconf 88' lang='lat' dir='ltr'>memoriam</span> <span class='ocrx_word' id='word_1_71' title='bbox 1047 1045 1298 1114; x_wconf 84' lang='lat' dir='ltr'>acceptae</span> <span class='ocrx_word' id='word_1_72' title='bbox 1328 1037 1520 1095; x_wconf 78' lang='lat' dir='ltr'>cladis,</span> <span class='ocrx_word' id='word_1_73' title='bbox 1587 1035 1718 1105; x_wconf 83' lang='lat' dir='ltr'>Quo</span> <span class='ocrx_word' id='word_1_74' title='bbox 1745 1037 1808 1095; x_wconf 91' lang='lat' dir='ltr'>in</span> <span class='ocrx_word' id='word_1_75' title='bbox 1835 1043 2099 1114; x_wconf 89' lang='lat' dir='ltr'>tempore</span> <span class='ocrx_word' id='word_1_76' title='bbox 2127 1036 2262 1113; x_wconf 83' lang='lat' dir='ltr'>ipso</span> <span class='ocrx_word' id='word_1_77' title='bbox 2284 1041 2360 1094; x_wconf 90' lang='grc'>50</span> 
     </span>
     <span class='ocr_line' id='line_1_10' title="bbox 314 1132 2260 1210; baseline 0.001 -21"><span class='ocrx_word' id='word_1_78' title='bbox 314 1132 459 1190; x_wconf 83' lang='lat' dir='ltr'>adeo</span> <span class='ocrx_word' id='word_1_79' title='bbox 496 1151 709 1210; x_wconf 86' lang='lat' dir='ltr'>magno</span> <span class='ocrx_word' id='word_1_80' title='bbox 746 1133 941 1190; x_wconf 86' lang='lat' dir='ltr'>animo</span> <span class='ocrx_word' id='word_1_81' title='bbox 982 1133 1184 1192; x_wconf 76' lang='lat' dir='ltr'>civitas</span> <span class='ocrx_word' id='word_1_82' title='bbox 1223 1133 1358 1205; x_wconf 79' lang='lat' dir='ltr'>fuit,</span> <span class='ocrx_word' id='word_1_83' title='bbox 1390 1141 1456 1192; x_wconf 93' lang='lat' dir='ltr'>ut</span> <span class='ocrx_word' id='word_1_84' title='bbox 1495 1133 1719 1192; x_wconf 86' lang='lat' dir='ltr'>consuli</span> <span class='ocrx_word' id='word_1_85' title='bbox 1759 1152 1831 1191; x_wconf 83' lang='lat' dir='ltr'>ex</span> <span class='ocrx_word' id='word_1_86' title='bbox 1871 1139 2037 1190; x_wconf 89' lang='lat' dir='ltr'>tanta</span> <span class='ocrx_word' id='word_1_87' title='bbox 2076 1132 2260 1205; x_wconf 88' lang='lat' dir='ltr'>clade,</span> 
     </span>
     <span class='ocr_line' id='line_1_11' title="bbox 314 1227 2263 1304; baseline 0.001 -20"><span class='ocrx_word' id='word_1_88' title='bbox 314 1227 408 1304; x_wconf 86' lang='lat' dir='ltr'>cuj</span> <span class='ocrx_word' id='word_1_89' title='bbox 415 1247 480 1285; x_wconf 85' lang='lat' dir='ltr'>us</span> <span class='ocrx_word' id='word_1_90' title='bbox 517 1229 641 1304; x_wconf 84' lang='lat' dir='ltr'>ipse</span> <span class='ocrx_word' id='word_1_91' title='bbox 678 1247 848 1286; x_wconf 83' lang='lat' dir='ltr'>causa</span> <span class='ocrx_word' id='word_1_92' title='bbox 886 1229 1139 1287; x_wconf 84' lang='lat' dir='ltr'>maxima</span> <span class='ocrx_word' id='word_1_93' title='bbox 1176 1229 1400 1301; x_wconf 82' lang='lat' dir='ltr'>fuisset,</span> <span class='ocrx_word' id='word_1_94' title='bbox 1431 1229 1694 1288; x_wconf 84' lang='lat' dir='ltr'>redeunti</span> <span class='ocrx_word' id='word_1_95' title='bbox 1736 1235 1796 1287; x_wconf 88' lang='lat' dir='ltr'>et</span> <span class='ocrx_word' id='word_1_96' title='bbox 1837 1227 2070 1286; x_wconf 83' lang='lat' dir='ltr'>obviam</span> <span class='ocrx_word' id='word_1_97' title='bbox 2109 1229 2263 1286; x_wconf 88' lang='lat' dir='ltr'>itum</span> 
     </span>
     <span class='ocr_line' id='line_1_12' title="bbox 314 1324 2263 1404; baseline 0.002 -23"><span class='ocrx_word' id='word_1_98' title='bbox 314 1324 647 1402; x_wconf 86' lang='lat' dir='ltr'>frequenter</span> <span class='ocrx_word' id='word_1_99' title='bbox 680 1325 753 1384; x_wconf 89' lang='lat' dir='ltr'>ab</span> <span class='ocrx_word' id='word_1_100' title='bbox 792 1326 1062 1385; x_wconf 85' lang='lat' dir='ltr'>omnibns</span> <span class='ocrx_word' id='word_1_101' title='bbox 1104 1327 1402 1386; x_wconf 85' lang='lat' dir='ltr'>ordinibus</span> <span class='ocrx_word' id='word_1_102' title='bbox 1443 1327 1536 1400; x_wconf 82' lang='lat' dir='ltr'>sit,</span> <span class='ocrx_word' id='word_1_103' title='bbox 1567 1334 1626 1386; x_wconf 89' lang='lat' dir='ltr'>et</span> <span class='ocrx_word' id='word_1_104' title='bbox 1665 1327 1866 1404; x_wconf 84' lang='lat' dir='ltr'>gratiae</span> <span class='ocrx_word' id='word_1_105' title='bbox 1905 1332 2069 1400; x_wconf 85' lang='lat' dir='ltr'>actae,</span> <span class='ocrx_word' id='word_1_106' title='bbox 2101 1326 2263 1404; x_wconf 90' lang='lat' dir='ltr'>quod</span> 
     </span>
     <span class='ocr_line' id='line_1_13' title="bbox 316 1420 2265 1503; baseline 0.003 -25"><span class='ocrx_word' id='word_1_107' title='bbox 316 1420 389 1479; x_wconf 90' lang='lat' dir='ltr'>de</span> <span class='ocrx_word' id='word_1_108' title='bbox 415 1441 475 1480; x_wconf 89' lang='lat' dir='ltr'>re</span> <span class='ocrx_word' id='word_1_109' title='bbox 504 1422 733 1499; x_wconf 89' lang='lat' dir='ltr'>publiea</span> <span class='ocrx_word' id='word_1_110' title='bbox 759 1442 877 1482; x_wconf 87' lang='lat' dir='ltr'>non</span> <span class='ocrx_word' id='word_1_111' title='bbox 906 1424 1284 1502; x_wconf 78' lang='lat' dir='ltr'>desperasset3</span> <span class='ocrx_word' id='word_1_112' title='bbox 1321 1425 1420 1503; x_wconf 88' lang='lat' dir='ltr'>qui</span> <span class='ocrx_word' id='word_1_113' title='bbox 1449 1425 1498 1482; x_wconf 83' lang='lat' dir='ltr'>si</span> <span class='ocrx_word' id='word_1_114' title='bbox 1525 1424 2096 1503; x_wconf 85' lang='lat' dir='ltr'>Carthaginiensium</span> <span class='ocrx_word' id='word_1_115' title='bbox 2125 1425 2265 1484; x_wconf 86' lang='lat' dir='ltr'>duc-</span> 
     </span>
     <span class='ocr_line' id='line_1_14' title="bbox 315 1519 2353 1602; baseline 0.004 -27"><span class='ocrx_word' id='word_1_116' title='bbox 315 1524 410 1577; x_wconf 89' lang='lat' dir='ltr'>tor</span> <span class='ocrx_word' id='word_1_117' title='bbox 434 1519 657 1595; x_wconf 79' lang='lat' dir='ltr'>fuisset,</span> <span class='ocrx_word' id='word_1_118' title='bbox 681 1520 828 1580; x_wconf 91' lang='lat' dir='ltr'>nihil</span> <span class='ocrx_word' id='word_1_119' title='bbox 854 1523 1234 1581; x_wconf 89' lang='lat' dir='ltr'>recusandum</span> <span class='ocrx_word' id='word_1_120' title='bbox 1263 1522 1532 1602; x_wconf 83' lang='lat' dir='ltr'>supplicii</span> <span class='ocrx_word' id='word_1_121' title='bbox 1558 1523 1728 1582; x_wconf 85' lang='lat' dir='ltr'>foret.</span> <span class='ocrx_word' id='word_1_122' title='bbox 2282 1521 2353 1574; x_wconf 82' lang='lat'>55</span> 
     </span>
    </p>
   </div>
   <div class='ocr_carea' id='block_1_3' title="bbox 2436 455 2442 1286">
    <p class='ocr_par' dir='ltr' id='par_1_3' title="bbox 2436 455 2442 1286">
     <span class='ocr_line' id='line_1_15' title="bbox 2436 455 2442 1286; baseline 0 0"><span class='ocrx_word' id='word_1_123' title='bbox 2436 455 2442 1286; x_wconf 95' lang='lat' dir='ltr'> </span> 
     </span>
    </p>
   </div>
   <div class='ocr_carea' id='block_1_4' title="bbox 2426 1287 2440 2552">
    <p class='ocr_par' dir='ltr' id='par_1_4' title="bbox 2426 1287 2440 2552">
     <span class='ocr_line' id='line_1_16' title="bbox 2426 1287 2440 2552; textangle 90"><span class='ocrx_word' id='word_1_124' title='bbox 2438 2507 2439 2552; x_wconf 49' lang='grc' dir='ltr'><em>ᾼ</em></span> <span class='ocrx_word' id='word_1_125' title='bbox 2437 2365 2439 2476; x_wconf 33' lang='grc' dir='ltr'>ᾼ-ᾉᾼ</span> <span class='ocrx_word' id='word_1_126' title='bbox 2426 1601 2440 2316; x_wconf 40' lang='grc' dir='ltr'>ῄ.4ῌᾼ”</span> <span class='ocrx_word' id='word_1_127' title='bbox 2428 1333 2440 1570; x_wconf 45' lang='lat'>—.⁴*„</span> <span class='ocrx_word' id='word_1_128' title='bbox 2438 1287 2439 1290; x_wconf 62' lang='lat'><em>„</em></span> 
     </span>
    </p>
   </div>
  </div>
 </body>
</html>
