2459 3967
222 196 591 276 CARXIV]
794 217 873 255 AB
916 215 1071 256 ussa
1118 216 1381 254 connum
1425 216 1600 254 unm.
2033 197 2159 258 :343

224 361 423 439 pudet,
449 379 595 438 quos
622 357 949 417 Sinuessam
984 357 1218 416 colonos
1245 360 1438 436 patres
1468 357 1651 416 nostri
1675 357 1972 429 miserunt,
1997 363 2062 415 ut
2089 355 2161 414 ab

224 459 487 517 Samnite
520 458 689 514 hoste
718 463 847 514 tuta
878 456 1003 514 haec
1044 475 1145 514 ora
1184 463 1348 528 esset,
1384 475 1558 534 quam
1599 475 1752 514 nunc
1793 476 1910 514 non
1944 456 2164 514 vicinus
2185 460 2259 514 15

224 556 458 614 Samnis
490 555 621 626 urit,
653 554 755 612 sed
781 553 998 612 Poenus
1030 554 1266 625 advena,
1296 553 1370 611 ab
1397 553 1666 612 extremis
1699 553 1854 612 orbis
1885 561 2162 612 terrarum

222 653 490 712 terminis
517 658 713 710 nostra
739 651 1105 709 cunctatione
1136 657 1197 708 et
1224 649 1488 708 socordia
1511 650 1628 728 jam
1658 651 1770 709 huc
1799 653 2164 730 progressus?

224 749 499 823 Tantum,
543 769 649 827 pro
673 749 687 807 1
736 749 1147 826 degeneramus
1194 767 1229 804 a
1275 746 1534 824 patribus
1583 749 1807 820 nostriS,
1852 756 1917 806 ut
1957 757 2166 826 praeter

228 867 403 926 quam
434 849 593 904 or'am
621 845 706 903 illi
734 863 895 903 suam
916 845 1165 903 Punicas
1185 844 1380 922 vagari
1407 843 1612 902 classes
1639 844 1886 902 dedecus
1914 865 2034 904 esse
2061 848 2167 904 im-

226 943 375 1022 perii
418 943 507 1001 sui
540 942 823 1014 duxerint,
860 960 985 1000 eam
1018 959 1171 999 nunc
1204 940 1434 1018 plenam
1468 940 1724 1000 hostium
1759 941 2166 1001 Numidarum-
2186 951 2262 1002 20

230 1061 341 1121 que
368 1059 436 1098 ac
465 1038 793 1097 Maurorum
815 1037 934 1116 jam
963 1038 1177 1095 factam
1199 1037 1531 1096 videamus?
1605 1037 1718 1107 Qui
1745 1039 1922 1097 modo
1951 1039 2169 1117 Sagun-

226 1147 356 1197 tum
386 1136 709 1215 oppugnari
736 1135 1094 1212 indignando
1122 1153 1242 1193 non
1269 1134 1534 1192 homines
1561 1142 1788 1194 tantum
1817 1135 1919 1194 sed
1945 1136 2168 1194 foedcra

230 1242 289 1294 et
310 1234 451 1292 deos
478 1232 785 1304 ciebamuS,
804 1231 1173 1289 scandentem
1200 1232 1418 1289 moenia
1437 1231 1715 1290 Romauae
1745 1232 1988 1290 coloniae
2011 1231 2169 1290 Han-

228 1332 481 1392 nibalem
510 1331 631 1406 laeti
658 1336 996 1408 spectamus,
1076 1329 1294 1388 Fumus
1323 1349 1392 1387 ex
1418 1329 1698 1390 incendiis
1719 1331 1979 1389 villarum
2009 1350 2170 1410 agro—

230 1444 475 1506 rumque
506 1427 569 1484 in
604 1425 800 1484 oculos
841 1431 1015 1504 atque
1054 1444 1155 1484 ora
1180 1426 1373 1498 venit3
1417 1433 1680 1504 strepunt
1711 1448 1873 1486 aures
1915 1428 2171 1487 clamori·
2190 1436 2266 1488 25

124 1562 130 1566 -
228 1527 339 1585 bus
359 1524 712 1602 plorantium
741 1523 1043 1596 sociorum,
1068 1523 1278 1601 saepius
1304 1543 1410 1581 nos
1439 1542 1612 1601 quam
1639 1525 1878 1584 deorum
1906 1526 2171 1584 invocan-

229 1625 380 1682 tium
415 1641 603 1700 opem.
688 1620 813 1678 Nos
838 1619 935 1678 hic
961 1639 1235 1698 pecorum
1269 1621 1446 1678 modo
1473 1640 1577 1698 per
1605 1622 1834 1680 aestivos
1869 1622 2045 1680 saltus
2078 1623 2172 1681 de-

226 1723 467 1798 viasque
500 1719 667 1778 calles
700 1719 1009 1776 exercitum
1041 1719 1321 1791 ducimus,
1351 1719 1574 1777 conditi
1600 1718 1850 1776 nubibus
1885 1719 2167 1796 silvisque.

224 1819 298 1878 Si
329 1819 443 1876 hoc
483 1817 661 1874 modo
694 1815 1049 1894 peragrando
1092 1817 1390 1874 cacumina
1431 1816 1718 1892 saltusque
1752 1815 1830 1872 M.
1857 1813 2059 1872 Furius
2091 1835 2174 1872 re·

232 1917 423 1993 cipere
456 1933 491 1972 a
516 1913 695 1972 Gallis
726 1911 928 1971 urbem
956 1913 1244 1984 voluisset,
1269 1932 1384 1991 quo
1413 1912 1508 1969 hic
1540 1931 1724 1969 novus
1752 1911 2044 1983 Camillus,
2072 1931 2174 1969 no-
2194 1920 2269 1972 30

230 2013 324 2071 bis
366 2013 618 2070 dictator
652 2009 857 2068 unicus
894 2010 957 2067 in
998 2009 1167 2068 rebus
1214 2009 1458 2068 adfectis
1501 2009 1794 2087 quaesituS,
1831 2008 2057 2066 Italiam
2100 2009 2172 2067 ab

232 2110 562 2169 Hannibale
606 2127 935 2187 recuperare
976 2115 1155 2186 parat,
1200 2107 1496 2166 Gallorum
1537 2107 1728 2165 Roma
1775 2114 1954 2179 esset3
2001 2127 2172 2184 quam

232 2228 432 2267 vereor
464 2227 553 2280 ne,
578 2208 659 2266 sic
693 2205 1095 2266 cunctantibus
1126 2204 1311 2276 nobis,
1335 2203 1651 2264 Hannibali
1681 2225 1746 2262 ae
1774 2204 1973 2262 Poenis
2002 2205 2176 2263 toties

232 2285 583 2364 servaverint
615 2303 862 2381 majores
902 2303 1099 2360 nostri.
1186 2301 1303 2359 Sed
1335 2302 1420 2358 vir
1452 2321 1518 2360 ac
1545 2321 1674 2360 vere
1707 2301 2019 2373 RomanuS,
2059 2321 2173 2380 quo

232 2403 329 2460 die
364 2402 705 2459 dictatorem
747 2419 879 2458 eum
921 2419 991 2457 ex
1028 2398 1368 2457 auctoritate
1401 2405 1630 2475 patrum
1664 2398 1937 2477 jussuque
1972 2399 2174 2477 populi
2195 2408 2270 2458 35

232 2502 457 2560 dietum
480 2499 659 2560 Veios
693 2501 947 2560 adlatum
980 2505 1085 2571 est,
1109 2516 1242 2556 cum
1276 2503 1422 2555 esset
1450 2497 1587 2554 satis
1619 2496 1800 2554 altum
1827 2497 2172 2567 Janiculum,

228 2599 337 2657 ubi
371 2599 573 2657 sedens
606 2604 995 2677 prospectaret
1021 2597 1266 2667 hostem,
1299 2593 1594 2652 descendit
1627 2594 1686 2650 in
1723 2614 1970 2672 aequum,
2002 2602 2174 2672 atque

232 2696 336 2754 illo
370 2697 497 2774 ipso
529 2697 621 2755 die
655 2697 843 2755 media
877 2697 936 2753 in
972 2695 1129 2767 urbe,
1162 2713 1276 2772 qua
1309 2711 1461 2750 nunc
1488 2692 1658 2750 busta
1685 2692 1904 2750 Gallica
1936 2699 2084 2764 sunt,
2117 2699 2174 2750 et

232 2801 468 2872 postero
505 2795 598 2853 die
632 2796 775 2854 citra
806 2794 1022 2854 Gabios
1056 2795 1266 2853 cecidit
1299 2792 1593 2852 Gallorum
1627 2789 1897 2866 legiones.
1984 2788 2174 2856 Quid?

230 2898 371 2970 post
404 2893 617 2950 multos
658 2910 853 2964 annm,
890 2911 1022 2951 cum
1063 2893 1138 2951 ad
1172 2889 1440 2948 Furculas
1481 2886 1770 2945 Caudinas
1811 2885 1882 2942 ab
1917 2883 2173 2942 Samnite
2192 2892 2269 2945 40

232 2989 403 3046 hoste
454 2989 559 3047 sub
599 2989 805 3068 jugum
846 2990 1007 3047 missi
1050 3009 1263 3061 sumuS,
1299 2994 1491 3045 utrum
1535 2982 1769 3040 tandem
1813 2981 1874 3038 L.
1906 2981 2174 3058 Papirius

232 3086 451 3146 Cursor
470 3087 611 3165 juga
630 3087 851 3146 Samnii
872 3086 1287 3165 perlustrando,
1312 3105 1384 3142 an
1407 3080 1701 3140 Luceriam
1731 3078 2046 3156 premendo
2077 3077 2174 3134 ob-

234 3184 593 3263 sidendoque
627 3192 687 3244 et
711 3185 1039 3244 lacessendo
1062 3183 1338 3242 victorem
1366 3182 1592 3240 hostem
1623 3177 1925 3254 depulsum
1961 3175 2032 3232 ab
2061 3175 2175 3234 Ro-

233 3283 423 3340 manis
457 3281 769 3340 cervicibus
796 3282 1000 3360 jugum
1036 3281 1282 3359 superbo
1317 3279 1564 3338 Samniti
1596 3275 1912 3354 imposuit?
1993 3273 2172 3332 Modo

235 3379 301 3438 G.
328 3380 563 3438 Lutatio
593 3399 721 3458 quae
750 3380 861 3438 alia
887 3399 977 3437 res
1006 3398 1174 3457 quam
1206 3377 1463 3436 celeritas
1484 3373 1782 3434 victoriam
1811 3371 1988 3443 dedit,
2015 3371 2173 3450 quod
2191 3377 2268 3432 45

234 3485 471 3555 postero
505 3478 599 3536 die
634 3496 802 3555 quam
839 3477 1065 3534 hostem
1101 3475 1264 3546 vidit,
1301 3473 1534 3532 classem
1570 3491 1802 3549 gravem
1844 3470 2174 3528 commeati-

233 3575 360 3648 buS,
392 3574 733 3652 impeditam
768 3580 993 3632 suomet
1026 3574 1209 3649 ipsam
1243 3572 1643 3628 instrumento⁸¹
1661 3576 1832 3646 atque
1874 3574 2169 3646 apparatu,

235 3672 563 3751 oppressit?
644 3671 903 3729 Stultitia
936 3668 1302 3728 est‘sedendo
1337 3672 1437 3722 aut
1465 3661 1614 3721 votis
1643 3662 1913 3722 debellari
1945 3662 2171 3722 credere

230 3786 421 3848 posse.
506 3767 739 3832 Armati
764 3767 961 3844 copias
988 3769 1221 3841 oportet
1247 3757 1609 3819 deducendas
1637 3759 1698 3815 in
1727 3775 1975 3834 aequum,
1998 3763 2064 3814 ut
2083 3757 2171 3812 vir
