2459 3967
298 186 425 248 216
1120 203 1238 242 τιτι
1279 203 1405 241 ler
1892 179 2043 258 [Lm.
2067 185 2240 244 XXI.

298 347 689 425 nequidquam
740 345 1113 405 dissentiente
1160 343 1450 418 Cornelio,
1485 345 1674 423 parari
1721 345 1797 403 ad
1843 345 2246 425 propinquum
2266 353 2339 404 25
2417 327 2419 434 Ι

298 450 587 502 certamen
615 443 829 501 milites
856 442 1035 520 jubet.
2418 437 2419 456 ³

379 540 673 598 Hannibal
714 559 863 611 cum,
910 539 1050 617 quid
1092 539 1381 617 optimum
1423 540 1578 597 foret
1618 538 1790 611 hosti,
1837 546 2111 612 cerneret,
2147 541 2249 599 vix
2417 603 2419 610 ⁴

302 637 475 696 ullam
502 657 665 715 spem
691 636 940 695 habebat
967 643 1180 694 temere
1214 643 1388 714 atque
1415 635 1736 714 improvide
1767 637 2086 714 quidquam
2115 658 2252 696 con·
2417 621 2419 734 1

300 734 449 792 sules
490 742 731 794 acturos.
816 734 967 792 Cum
1009 733 1240 792 alterius
1280 734 1596 811 ingenium,
1631 734 1790 790 fama
1821 735 1997 812 priuS,
2035 734 2254 794 deinde
2417 735 2419 790 1

299 852 361 890 re
402 832 718 910 cognitum,
750 833 1031 910 percitum
1064 851 1131 888 ac
1163 831 1329 888 feroit
1363 832 1532 890 sciret
1565 851 1702 903 esse,
1732 831 2100 910 ferociusque
2131 834 2257 891 fac-
2275 839 2348 890 30

299 936 427 988 tum
456 947 731 1007 prospero
759 948 891 987 cum
921 927 1341 1006 praedat-oribus
1371 929 1488 985 suis
1515 929 1826 986 certamine
1853 930 2128 1002 crederet,
2155 931 2256 988 ad-

302 1045 425 1084 esse
452 1026 717 1103 gerendae
753 1027 834 1084 rei
860 1027 1155 1083 fortunam
1184 1024 1341 1082 haud
1370 1024 1682 1085 diffidebat.
1768 1025 1952 1102 Cujus
1985 1046 2060 1085 ne
2091 1029 2258 1104 quod

302 1124 769 1201 praetermitteret
795 1129 1041 1200 tempus,
1074 1122 1352 1180 sollicitus
1386 1123 1754 1200 intentusque
1789 1131 1925 1196 erat,
1957 1125 2099 1182 dum
2134 1126 2256 1183 tiro

303 1220 561 1277 hostium
588 1220 754 1280 miles
782 1226 945 1291 esset,
970 1219 1110 1279 dum
1138 1219 1437 1278 meliorem
1465 1240 1535 1278 ex
1565 1220 1807 1279 ducibus
1833 1221 2100 1279 inutilem
2131 1223 2260 1280 vul-

305 1336 413 1374 nus
455 1317 686 1388 faceret,
724 1317 864 1374 dum
897 1316 1193 1374 Gallorum
1236 1317 1416 1375 animi
1451 1318 1725 1395 vigerent,
1763 1339 2008 1396 quorum
2051 1320 2260 1397 ingen-
2279 1328 2347 1379 35
2417 1313 2419 1384 ξ

306 1421 426 1472 tem
454 1413 884 1471 multitudinem
918 1414 1131 1472 sciebat
1152 1416 1385 1492 segnius
1419 1423 1756 1488 secuturam,
1779 1423 1996 1494 quanto
2015 1417 2260 1495 longius

306 1511 379 1568 ab
414 1511 591 1568 domo
625 1510 998 1570 traherentur.
1082 1511 1233 1570 Cum
1277 1512 1353 1570 ob
1386 1512 1512 1570 haec
1545 1513 1794 1590 taliaque
1835 1521 2088 1590 speraret
2119 1534 2261 1592 pro-

307 1608 592 1686 pinquum
626 1614 929 1680 certamffl,
960 1615 1020 1666 et
1046 1609 1250 1680 facere,
1282 1610 1329 1666 si
1359 1615 1684 1680 cessaretur,
1717 1616 1965 1686 cuperet,
1998 1611 2260 1686 specula-

308 1712 575 1784 toresque
608 1705 775 1777 Galli,
812 1705 887 1764 ad
924 1726 990 1764 ea
1030 1707 1396 1783 exploranda,
1434 1725 1564 1784 quae
1596 1706 1781 1778 vellet,
1817 1707 2078 1779 tutioreS,
2115 1710 2260 1785 quia
2418 1771 2419 1778 χ

308 1804 369 1862 in
404 1803 659 1882 utrisque
694 1803 893 1861 castris
924 1803 1266 1876 militabant,
1298 1810 1526 1881 paratos
1558 1822 1770 1881 pugnae
1806 1823 1925 1862 esse
1953 1803 2259 1864 Romanos
2277 1809 2347 1862 40

310 1902 678 1973 rettulissent,
710 1901 899 1959 locum
928 1901 1152 1959 insidiis
1180 1901 1651 1980 circumspectare
1679 1900 1896 1960 Poenus
1925 1902 2117 1980 coepit.
2418 1901 2419 1910 ’

1200 2080 1355 2140 LIV.

836 2197 977 2256 Erat
1001 2197 1065 2254 in
1098 2197 1292 2255 medio
1326 2196 1481 2253 rivus
1514 2195 1748 2272 peraltis
1773 2194 2068 2272 utrimque
2101 2195 2258 2255 clau·
2417 2205 2419 2258 Ι

365 2242 406 2283 Α
429 2246 533 2294 spot
559 2244 715 2286 select-
2417 2259 2419 2306 l

316 2308 524 2350 euroram
538 2311 715 2352 ambus-
758 2315 853 2352 sus
881 2294 1037 2372 ripiS‚
1064 2301 1121 2352 et
1150 2294 1300 2351 circa
1327 2292 1548 2350 obsitus
1575 2291 1923 2370 palustribus
1950 2291 2146 2349 herbis
2177 2300 2253 2364 et,

315 2376 717 2496 ζῖῗὶζῑῗῖᾒζῗέ
760 2391 968 2469 quibus
1009 2389 1227 2448 inculta
1266 2390 1449 2449 ferme
1483 2389 1820 2460 vestiuntur,
1851 2389 2117 2466 virgultis
2163 2410 2258 2448 ve-

700 2474 713 2494 ‚

317 2510 463 2552 under
474 2512 716 2554 command
756 2488 1083 2566 pribusque.
1158 2486 1345 2556 Quem
1367 2486 1467 2543 ubi
1496 2485 1717 2563 equites
1747 2505 1974 2562 quoque
1997 2487 2255 2562 tegendo

318 2577 721 2684 ssffffifflgital‘}
762 2585 898 2642 satis
926 2584 1274 2642 latebrosum
1306 2582 1496 2639 locum
1526 2582 1938 2640 circumvectus
1965 2583 2090 2659 ipse
2121 2603 2257 2640 ocu-
2315 2591 2347 2641 5

320 2711 721 2752 commencement
761 2679 831 2737 lis
863 2680 1246 2758 perlustravit,
1275 2679 1308 2706 “
1327 2679 1443 2736 Hic
1485 2679 1594 2736 erit
1631 2679 1790 2736 locus
1805 2677 1837 2706 ”
1869 2677 2107 2756 Magoni
2142 2680 2256 2736 fra-

320 2777 373 2818 0‘
406 2778 482 2818 ‘¹²³
525 2777 718 2818 battle
761 2777 837 2834 tri
864 2777 946 2835 ait
970 2777 1003 2804 “
1024 2797 1194 2856 quem
1218 2783 1447 2834 teneas:
1493 2775 1680 2853 delige
1709 2781 1978 2833 centenos
1999 2775 2156 2833 viros
2185 2797 2256 2834 ex

318 2843 721 2962 fflffigyffiffgss
764 2874 923 2931 omni
957 2875 1151 2952 pedite
1186 2880 1358 2950 atque
1397 2873 1607 2950 equite,
1639 2891 1772 2930 cum
1806 2871 2015 2949 quibus
2049 2872 2126 2931 ad
2159 2893 2253 2930 me
2289 2893 2293 2897 ·

318 2981 425 3021 who
470 2990 595 3022 eroes
642 2979 721 3020 the
763 2972 959 3050 vigilia
979 2972 1167 3049 prima
1186 2971 1412 3027 venias:
1457 2989 1611 3027 nunc
1635 2987 1874 3046 corpora
1895 2988 2090 3027 curare
2111 2975 2257 3027 tem-

318 3045 722 3166 ξὲζὲζθὲῗὲΐὲξὲ
763 3089 873 3147 pus
900 3067 1041 3126 est.''
1126 3068 1217 3126 Ita
1244 3067 1579 3144 praetorium
1607 3065 1865 3123 missum.
1950 3064 2090 3122 Mox
2121 3086 2255 3124 cum
2277 3073 2346 3124 10

320 3180 400 3232 ing
439 3183 517 3222 the
560 3190 723 3230 enemy
764 3166 1000 3224 delectis
1029 3165 1201 3241 Mago
1238 3164 1446 3222 aderat.
1537 3163 1570 3190 “
1591 3163 1824 3220 Robora
1854 3162 2106 3220 virorum
2141 3183 2256 3221 cer-

320 3248 524 3349 ⁰]ssssssssss
534 3251 719 3360 Βξὲἰέῗὲ
760 3262 893 3335 ῑιο,·”
923 3263 1113 3339 inquit
1134 3260 1426 3318 Hannibal
1447 3278 1460 3331 ;
1507 3259 1542 3286 ‘⁴
1565 3260 1665 3317 sed
1686 3260 1773 3317 uti
1795 3279 2035 3317 numero
2059 3259 2251 3332 etiam,

324 3382 385 3410 on
423 3383 451 3411 a
488 3373 591 3414 com
628 3374 721 3415 and
762 3378 880 3416 non
922 3359 1127 3416 animis
1168 3357 1347 3414 modo
1382 3356 1631 3428 valeatiS‚
1665 3357 1906 3434 singulis
1945 3355 2109 3414 vobis
2151 3375 2256 3414 no-

324 3445 433 3536 }sslg
449 3447 540 3537 Ἐξ
556 3436 723 3540 ¹3⁸5ss
762 3472 937 3510 venos
982 3473 1051 3512 ex
1097 3453 1302 3511 turmis
1346 3453 1769 3530 manipulisque
1815 3453 1990 3512 vestri
2039 3452 2254 3510 similes

326 3561 464 3601 suffer
495 3561 613 3600 from
650 3562 728 3602 the
769 3546 975 3620 eligite.
1062 3548 1236 3626 Mago
1279 3548 1470 3605 locum
1511 3549 1874 3621 monstrabit,
1907 3569 2078 3626 quem
2123 3549 2254 3608 insi·
2276 3557 2342 3608 15

325 3625 541 3666 weather.
768 3636 981 3696 deatis:
1025 3642 1255 3701 hostem
1299 3662 1513 3701 caecum
1559 3645 1634 3702 ad
1665 3645 1769 3702 has
1801 3645 1938 3703 belli
1972 3653 2122 3704 artes
2160 3647 2256 3704 ha-

328 3726 531 3784 betisst
600 3727 693 3784 Ita
718 3727 875 3786 mille
903 3736 1191 3809 equitibus
1212 3738 1450 3816 Magoni
1478 3740 1634 3798 mille
1661 3742 1956 3819 peditibus
1984 3743 2251 3814 dimissiS‚
