2459 3967
247 207 557 289 CARIX]
732 227 746 231 ·
819 227 895 267 ΑΒ
939 226 1094 267 unns
1140 226 1403 267 CONDITA
1446 226 1620 268 unm.
2104 208 2185 271 35

1130 451 1299 512 VIII.

303 602 431 643 code
458 601 510 642 ot
523 600 656 642 Laws
789 566 984 625 Rebus
1013 565 1224 624 divinis
1252 552 1361 625 rite
1389 568 1747 645 perpetratis,
1773 574 2087 645 vocataque
2114 567 2189 625 ad

251 670 419 711 forme
435 679 536 709 new
549 668 653 718 city.
709 664 1017 723 concilium
1058 663 1449 735 multitudine,
1482 682 1611 740 quae
1650 664 1962 723 coalescere
1994 664 2056 720 in
2090 682 2191 741 po-

251 736 666 844 ζΐῗὲζᾜᾶῗξθζξ
709 761 835 839 puli
861 761 1030 819 unius
1058 780 1267 837 corpus
1293 760 1450 817 nulla
1472 779 1535 836 *re
1565 765 1946 838 praeterquam
1967 759 2191 836 legibus

253 882 346 911 oue
369 870 572 909 hundtess
591 879 661 909 es·
710 865 953 936 poterat,
977 858 1118 934 jura«
1133 857 1331 941 dedit3
1375 876 1503 934 quae
1532 858 1615 918 ita
1648 865 1841 915 sancta
1866 858 2063 934 generi
2090 856 2193 915 ho-

255 938 506 981 mbnffled·
709 955 935 1013 minum
979 955 1189 1031 agresti
1229 955 1357 1013 fore
1400 960 1572 1024 ratus,
1610 954 1658 1010 si
1701 974 1759 1011 se
1802 954 1923 1030 ipse
1966 970 2192 1011 venera-
2254 961 2283 1013 5

259 1053 435 1110 bilem
492 1053 814 1131 insignibus
870 1050 1101 1129 imperii
1147 1051 1398 1123 fecisset,
1446 1060 1576 1109 cum
1633 1056 1825 1108 cetero
1874 1050 2077 1132 habitu
2132 1070 2192 1109 se

256 1151 666 1227 augustiorem,
695 1157 823 1208 tum
859 1150 1110 1207 maxime
1146 1149 1445 1207 lictoribus
1481 1147 1786 1207 duodecim
1820 1148 2082 1226 sumptis,
2110 1148 2194 1206 fe-

257 1248 356 1305 cit.
519 1248 561 1305 ii
601 1247 675 1305 ab
708 1266 946 1305 numero
989 1247 1198 1318 avium,
1230 1264 1359 1324 quoe
1402 1246 1640 1323 augurio
1682 1264 1922 1323 regnum
1966 1252 2193 1323 porten-

257 1345 436 1402 deran
510 1364 642 1403 eum
688 1351 947 1402 secutum
989 1362 1295 1401 numerum
1340 1350 1579 1421 putant:
1622 1362 1717 1401 me
1755 1342 1911 1401 haud
1946 1343 2193 1420 poenitet

254 1458 456 1499 eorum
498 1440 794 1497 sententiae
838 1456 976 1507 esse,
1009 1437 1216 1516 quibus
1258 1444 1317 1497 et
1353 1439 1703 1516 apparitores
1743 1437 1855 1497 hoc
1896 1458 2077 1516 genus
2118 1437 2191 1495 ab
2211 1443 2286 1495 10

254 1538 513 1597 Etruscis
559 1536 836 1607 finitimis,
861 1535 1028 1592 ‘unde
1079 1534 1215 1592 sella
1264 1535 1490 1606 curulis,
1526 1535 1680 1594 unde
1726 1542 1868 1613 toga
1913 1540 2193 1612 praetexta

255 1641 488 1711 sumpta
527 1640 628 1705 est,
658 1640 717 1691 et
753 1651 1056 1689 numerum
1093 1651 1321 1710 quoqne
1363 1631 1553 1709 ipsum
1596 1632 1834 1689 ductum
1874 1632 2089 1710 placet3
2134 1638 2193 1690 et

255 1732 342 1789 ita
373 1730 634 1792 habuisse
667 1729 954 1800 EtruchS,
983 1727 1139 1806 quod
1172 1747 1243 1787 ex
1278 1728 1583 1787 duodecim
1617 1728 1848 1807 populis
1876 1729 2193 1786 communi-

253 1837 346 1887 ter
391 1834 579 1885 creato
628 1846 762 1903 rege
811 1826 1066 1904 singulos
1123 1826 1335 1903 singuli
1382 1826 1585 1904 populi
1633 1826 1863 1883 lictores
1911 1816 2263 1912 dederintg'

254 1924 560 1983 Crescebat
601 1923 830 1981 interim
875 1922 1008 1980 urbs
1052 1922 1472 1983 munitionibus
1514 1921 1625 1981 alia
1666 1928 1838 1997 atquc
1872 1921 1983 1977 alia
2022 1940 2193 1998 appe·
2214 1929 2286 1980 15

253 2020 436 2079 tendo
467 2021 607 2123 loca,
639 2040 770 2079 cum
813 2021 872 2079 in
917 2039 1076 2097 spem
1114 2019 1299 2096 magis
1340 2020 1551 2077 futurae
1588 2017 1994 2088 multitudiniS,
2020 2038 2193 2096 quam

253 2120 331 2177 ad
364 2120 442 2191 id,
467 2119 622 2197 quod
649 2125 774 2176 tum
811 2118 1110 2177 hominum
1143 2124 1279 2185 erat,
1306 2117 1609 2174 munirent.
1694 2116 1921 2174 Deinde
1948 2136 2020 2173 ne
2049 2136 2193 2174 vana

251 2215 413 2273 urbis
445 2215 786 2291 magnitudo
817 2222 978 2286 esset,
1005 2214 1347 2291 adjiciendae
1377 2212 1767 2271 multitudinis
1796 2232 1977 2282 causa,
2005 2221 2191 2271 vetere

251 2312 497 2371 consilio
547 2311 918 2371 condentium
969 2310 1153 2381 urbes,
1192 2311 1308 2388 qui,
1346 2309 1642 2367 obscuram
1694 2318 1865 2388 atque
1914 2310 2191 2367 humilem

251 2409 574 2469 conciendo
616 2408 690 2469 ad
731 2428 790 2465 se
832 2408 1284 2478 multitudinem,
1316 2414 1509 2465 natam
1554 2426 1584 2464 e
1626 2415 1776 2467 terra
1816 2407 1925 2464 sibi
1970 2406 2189 2483 prolem
2210 2409 2286 2460 20

253 2505 730 2577 ementiebantur,
753 2505 961 2576 locum,
987 2505 1086 2582 qui
1121 2524 1272 2563 nunc
1307 2511 1501 2581 septus
1534 2504 2011 2562 descendentibus
2044 2504 2193 2559 inter

254 2605 403 2661 duos
431 2603 590 2661 lucos
619 2609 723 2674 est,
747 2601 972 2679 asylum
1000 2602 1199 2679 aperit.
1272 2600 1361 2659 Eo
1389 2620 1463 2659 ex
1487 2600 1749 2658 finitimis
1776 2599 2005 2678 populis
2026 2597 2195 2657 turba

255 2698 446 2755 omnis
480 2697 602 2755 sine
635 2696 980 2765 discrimine,
1010 2696 1154 2754 liber
1185 2715 1259 2753 an
1292 2715 1485 2753 servus
1518 2701 1683 2765 esset,
1714 2694 1882 2751 avida
1914 2713 2191 2777 norat-um

253 2815 446 2855 rerum
487 2794 780 2874 perfugit3
823 2794 998 2872 idque
1031 2794 1283 2871 primum
1327 2791 1401 2849 ad
1434 2798 1685 2868 coeptam
1726 2791 2190 2868 magnitudinem

255 2892 478 2953 roboris
501 2874 654 2951 *suits
734 2890 882 2949 Cum
924 2890 1040 2967 jam
1085 2890 1292 2947 virium
1340 2887 1497 2945 haud
1536 2888 1857 2965 poeniteret,
1888 2887 2189 2945 consilium
2210 2888 2283 2940 25

257 2977 466 3049 deindo
507 2988 723 3047 viribus
762 2994 958 3066 parat:
1000 2992 1234 3044 centum
1276 2990 1430 3041 creat
1472 2990 1779 3054 senatores,
1809 2983 1927 3039 sive
1968 2983 2103 3059 quia
2142 2984 2193 3040 is

255 3104 528 3145 numerus
569 3085 708 3142 satis
749 3091 889 3157 erat,
921 3084 1038 3141 sive
1073 3082 1208 3159 quia
1250 3079 1357 3138 soli
1398 3084 1630 3136 centum
1673 3084 1851 3150 erant,
1883 3078 1983 3155 qui
2015 3078 2190 3138 creari

255 3192 447 3261 patres
487 3189 754 3260 possent:
797 3187 989 3259 patres
1029 3187 1179 3239 certe
1227 3176 1300 3235 ab
1342 3177 1578 3248 honore,
1606 3174 1944 3253 patriciique
1992 3194 2192 3255 proge-

259 3281 379 3339 nies
407 3298 606 3339 eorum
635 3274 923 3358 appellati.

1174 3455 1282 3514 IX.

307 3616 492 3670 Legend
512 3616 658 3658 ottho
755 3549 764 3556 ο
791 3571 830 3630 J
831 3590 924 3628 am
959 3588 1050 3626 res
1077 3568 1343 3626 Romana
1375 3566 1519 3624 adeo
1550 3572 1671 3624 erat
1699 3563 1903 3634 valida,
1935 3569 2002 3619 ut
2036 3560 2192 3618 cuili-

260 3694 365 3736 rape
397 3684 451 3725 of
475 3662 556 3725 'the
583 3684 659 3725 sa-
709 3666 811 3725 bet
837 3665 1212 3722 finitimarum
1242 3662 1539 3721 civitatum
1562 3659 1712 3718 bello
1740 3659 1844 3734 'p'ar
1870 3661 2018 3713 esset
2041 3671 2055 3723 3
2091 3652 2191 3707 sed

259 3750 367 3793 ΝΜ
384 3760 583 3794 mmm·
712 3760 952 3839 penuria
1004 3758 1310 3817 mulierum
1349 3756 1605 3817 hominis
1646 3758 1878 3811 aetatem
1920 3748 2191 3805 duramra
