2459 3967
252 188 395 247 Cu.
417 187 602 267 LIV.]
825 206 902 245 AB
945 208 1100 249 uasa
1146 206 1409 247 comum
1452 209 1627 248 unm.
2106 192 2185 253 85

251 350 300 407 si
327 349 487 426 apud
515 368 614 405 eos
643 347 996 425 supplicibus
1021 348 1180 405 locus
1207 349 1445 420 nonsit,
1476 357 1892 426 pererraturum
1927 371 1985 409 se
2020 370 2191 409 omne

252 445 518 506 Latium:
563 444 922 521 Volscosque
954 464 1013 501 se
1045 444 1196 515 inde,
1228 451 1287 503 et
1313 445 1554 522 AEquos,
1587 453 1645 505 ct
1670 447 1955 505 Hernicos
1981 450 2191 525 petitu-

251 560 416 614 rum3
452 541 638 599 donec
667 540 742 597 ad
769 559 866 597 eos
886 541 1196 617 perveniat,
1223 541 1322 618 qui
1350 560 1384 599 a
1408 548 1637 619 patrum
1667 544 1988 603 crudelibus
2015 552 2187 623 atque

250 639 452 715 impiis
480 636 776 715 suppliciis
803 643 994 715 tegere
1019 636 1230 695 liberos
1259 638 1454 696 sciant.
1540 638 1799 697 Forsitan
1829 642 2001 700 etiam
2030 643 2190 701 ardo-
2209 650 2281 702 30

250 736 331 791 ris
373 734 592 811 aliquid
632 734 707 791 ad
746 733 960 791 bellum
1001 752 1271 810 armaque
1313 753 1373 791 se
1414 734 1681 793 adversus
1721 737 2331 848 superbissimum-,1—

251 850 452 907 regem
479 850 544 887 ac
571 830 990 889 ferocissimum
1018 830 1299 907 populum
1327 830 1708 889 inventurum.
1722 798 1945 905 ⁵³,Cum
1970 834 2017 891 si
2046 835 2191 903 1111111

249 934 628 999 morarentur,
664 926 925 985 infensus
964 927 1050 983 ira
1083 946 1257 1003 porro
1297 925 1433 983 inde
1474 926 1729 985 abiturus
1762 910 2061 1002 videretur,
2096 931 2191 989 be-

249 1024 432 1100 nigne
466 1023 536 1081 ab
563 1022 806 1081 Gabinis
838 1022 1133 1099 excipitur.
1219 1022 1439 1081 Vctant
1470 1022 1681 1095 mirari,
1712 1024 1777 1095 si,
1810 1025 1990 1102 qualis
2022 1026 2083 1083 in
2116 1028 2191 1085 ci-

251 1140 370 1191 ves,
403 1119 584 1196 qualis
615 1119 676 1175 in
713 1119 914 1191 socios,
944 1118 1076 1177 talis
1117 1118 1191 1177 ad
1224 1118 1493 1177 ultimum
1528 1118 1589 1177 in
1622 1118 1831 1178 liberos
1872 1129 2033 1179 esset.
2118 1122 2188 1180 In
2208 1132 2284 1185 35

253 1236 314 1275 80
343 1218 536 1293 ipsum
563 1222 855 1295 postremo
889 1215 1239 1289 saeviturum,
1265 1217 1313 1273 si
1340 1216 1451 1275 alia
1477 1215 1679 1275 desint.
1756 1216 1881 1275 Sibi
1907 1237 2041 1276 vero
2066 1238 2190 1297 gra-

251 1320 384 1371 tum
416 1312 726 1370 adventum
759 1311 886 1391 ejus
926 1331 1063 1385 esse,
1093 1314 1471 1391 futurumque
1512 1312 1753 1387 credere,
1784 1314 1959 1388 brevi,
1990 1322 2056 1373 ut
2087 1316 2187 1375 illo

251 1409 566 1486 adjuvante
593 1428 628 1467 a
653 1409 836 1485 portis
857 1408 1098 1467 Gabinis
1125 1410 1232 1468 sub
1254 1409 1517 1469 Romana
1540 1411 1756 1469 moenia
1774 1410 1989 1471 bellum
2010 1418 2187 1471 trans-

252 1506 488 1564 feratur.
1696 1566 1712 1594 r

1143 1586 1296 1646 mv.
1534 1579 1667 1696 ᾖ,
1697 1630 1751 1677 ζ
1764 1636 1789 1679 ζ

323 1716 653 1759 continuatim
775 1699 960 1759 Inde
944 1720 1006 1757 111
1035 1702 1273 1759 consilia
1298 1702 1527 1779 publica
1554 1702 1826 1763 adhiberi.
1904 1704 2025 1764 Ubi
2054 1725 2181 1763 cum

246 1784 658 1900 ἔξὲῗξέξὲἑῖιζῐ
699 1795 770 1852 de
811 1796 936 1853 aliis
977 1796 1146 1855 rebus
1194 1797 1479 1856 adsentire
1528 1819 1587 1857 80
1620 1800 1907 1857 veteribus
1947 1800 2187 1859 Gabinis

245 1918 340 1959 ius
343 1916 494 1957 —Fau
511 1916 658 1957 orGa-
699 1890 926 1963 diceret,
961 1892 1168 1969 quibus
1201 1912 1284 1950 eae
1318 1895 1569 1952 notiores
1612 1902 1831 1967 essent3
1875 1895 1997 1972 ipse
2030 1896 2187 1953 iden-

245 1983 334 2025 ¹³1¹
696 1985 876 2043 tidem
898 1986 1034 2045 belli
1054 1996 1253 2045 auctor
1280 2008 1415 2061 0880,
1437 1990 1531 2047 et
1516 2010 1576 2046 111
1606 2009 1675 2047 eo
1704 1990 1813 2048 sibi
1834 1992 2185 2069 praecipuam

245 2081 618 2161 prudentiam
667 2082 979 2156 adsumere,
1017 2085 1172 2161 quod
1215 2086 1509 2163 utriusque
1550 2087 1753 2165 populi
1786 2089 1932 2145 vires
1973 2096 2180 2162 nosset,
2244 2095 2278 2147 5

247 2179 533 2255 sciretque
573 2178 816 2235 invisam
857 2180 1119 2257 profecto
1163 2182 1486 2258 superbiam
1526 2185 1743 2261 regiam
1786 2184 2003 2245 civibus
2044 2206 2180 2259 esse,

248 2294 424 2353 quam
453 2274 604 2331 ferre
629 2292 704 2331 ne
730 2274 894 2333 liberi
923 2277 1156 2353 quidem
1177 2279 1516 2355 potuissent.
1593 2280 1685 2339 Ita
1710 2302 1841 2339 cum
1872 2284 2079 2340 sensim
2110 2284 2184 2341 ad

245 2371 640 2429 rebellandum
663 2373 941 2450 primores
963 2372 1319 2432 Gabinorum
1348 2376 1627 2448 incitaret,
1650 2377 1772 2455 ipse
1802 2398 1931 2437 cum
1954 2400 2183 2457 promp=

245 2469 490 2527 tissimis
519 2470 796 2545 juvenum
832 2470 1153 2547 praedatum
1196 2478 1368 2548 atque
1409 2474 1469 2530 in
1512 2475 1905 2551 expeditiones
1945 2477 2067 2547 iret,
2106 2484 2179 2547 et,

247 2534 724 2644 dmsque
754 2566 1020 2626 omnibus
1048 2566 1122 2622 ad
1143 2566 1457 2627 fallendum
1482 2570 1788 2639 instructiS,
1805 2590 1949 2627 vana
1976 2592 2183 2628 accres-
2203 2577 2276 2628 10

245 2668 404 2719 ceret
443 2660 600 2733 fides,
637 2662 754 2719 dux
795 2662 870 2719 ad
909 2662 1178 2720 ultimum
1212 2663 1349 2721 belli
1380 2666 1602 2741 legitur.
1687 2666 1779 2724 Ibi
1821 2687 1968 2739 cum,
2004 2667 2183 2724 inscia

244 2748 638 2829 multitudine,
671 2758 811 2835 quid
837 2766 1114 2835 ageretur,
1137 2761 1341 2837 proelia
1366 2780 1539 2837 parva
1564 2761 1713 2819 inter
1740 2762 1985 2819 Romam
2014 2763 2183 2821 Gabi-

245 2873 430 2931 osque
463 2852 680 2926 fierent,
718 2854 924 2931 quibus
956 2856 1294 2933 plerumque
1326 2856 1551 2914 Gabina
1590 2877 1678 2915 res
1720 2860 1975 2935 superior
2016 2867 2179 2931 esset,

245 2956 376 3009 tum
419 2950 682 3007 certatim
725 2952 934 3009 summi
967 2952 1266 3029 infimique
1298 2952 1652 3009 Gabinorum
1688 2953 1814 3011 Sex.
1886 2954 2182 3031 Tarquini-
2234 2966 2237 2971 “

244 3066 348 3116 um
385 3046 541 3103 dono
570 3046 748 3103 deum
781 3046 892 3105 sibi
923 3048 1162 3106 missum
1197 3048 1401 3105 ducem
1435 3047 1675 3105 credere.
1760 3048 1939 3125 Apud
1970 3048 2183 3106 milites
2203 3053 2275 3105 15

245 3162 384 3200 vero
420 3142 690 3200 obeundo
724 3144 976 3221 pericula
1015 3164 1080 3203 ac
1112 3145 1333 3203 labores
1367 3144 1594 3221 pariter,
1625 3144 1880 3221 praedam
1914 3145 2182 3204 munifice

245 3238 547 3316 largiendo
573 3246 737 3297 tanta
763 3242 996 3299 caritate
1025 3260 1160 3312 esse,
1194 3252 1259 3299 ut
1287 3261 1403 3299 non
1432 3248 1595 3318 pater
1614 3240 1956 3319 Tarquinius
1982 3249 2184 3319 poten-

245 3335 364 3393 tior
391 3335 597 3393 Romae
628 3356 800 3414 quam
828 3336 976 3396 filius
1005 3337 1203 3395 Gabiis
1238 3345 1397 3397 esset.
1482 3337 1684 3417 Itaque
1712 3345 2017 3418 postquam
2046 3342 2183 3399 satis

245 3432 458 3489 virium
509 3432 811 3491 collectum
859 3434 934 3491 ad
975 3453 1174 3491 omnes
1221 3441 1459 3492 conatus
1496 3435 1742 3507 videbat,
1782 3443 1906 3494 tum
1957 3457 2024 3495 ex
2067 3438 2183 3495 suis

245 3548 431 3587 unum
467 3530 818 3625 sciscitajum
845 3530 1092 3588 Romam
1125 3530 1199 3587 ad
1227 3537 1449 3607 patrem
1480 3532 1680 3603 mittit,
1707 3534 1980 3609 quidnam
2014 3552 2073 3589 se
2100 3534 2184 3589 fa·
2201 3536 2275 3587 20

247 3645 376 3685 cere
405 3625 589 3698 vellet,
616 3626 845 3703 quando
875 3626 1124 3703 quidem,
1147 3632 1214 3681 ut
1244 3626 1437 3681 omnia
1470 3645 1615 3683 unus
1643 3646 1763 3702 prae
1791 3627 2029 3685 Gabinis
2056 3645 2184 3702 pos-

246 3731 354 3797 set,
390 3724 446 3783 ei
477 3724 564 3782 dii
596 3723 902 3781 dedissent.
989 3721 1144 3777 Huic
1185 3720 1409 3791 nunti0,
1446 3722 1580 3795 quia
1620 3722 1789 3778 credo
1824 3721 2014 3777 dubiae
2048 3719 2183 3775 fidei
