2459 3967
261 159 421 219 Car.
440 155 625 236 LXL]
852 175 931 216 AB
974 177 1131 217 URBE
1176 176 1441 217 comum
1484 175 1661 217 unm.
2080 157 2208 221 223

1182 400 1306 460 LX.

320 549 600 602 Operatione
627 548 682 590 or
799 515 960 574 Dum
992 515 1119 574 haec
1156 517 1217 574 in
1252 516 1419 575 Italia
1459 524 1752 595 geruntur,
1777 517 1883 576 Cn.
1908 517 2209 576 Cornelius

261 617 409 694 cn.·s
425 617 523 668 cip
538 617 553 657 i
567 627 596 658 0
630 615 681 657 in
722 612 918 691 Scipio
962 613 1025 670 in
1068 613 1415 690 Hispaniam
1440 617 1592 671 ‘cum
1637 613 1812 672 classe
1855 621 1914 672 et
1958 615 2209 673 exercitu

266 685 683 792 ῗέζᾙΕέζξὲξῖ
721 711 944 783 missus»,
968 729 1101 767 cum
1135 708 1208 767 ab
1242 709 1391 766 ostio
1421 708 1689 767 Rhodani
1716 710 2010 787 profectus
2037 710 2210 788 Pyre-

266 817 422 858 -The
440 817 577 858 latter
596 817 673 858 de-
714 824 985 884 naeosque
1013 811 1244 864 montes
1269 805 1701 877 circumvectuS,
1721 806 2010 883 Emporiis
2033 826 2209 886 appu-

265 883 523 1004 ῗξὶξῖἓὲᾱ
536 883 675 925 taken
716 903 875 962 lisset
922 902 1177 975 classem,
1214 903 1478 980 exposito
1528 902 1610 960 ibi
1659 903 1926 975 exercitu,
1965 922 2124 962 orsus
2173 923 2208 961 a
2267 915 2300 968 5

715 999 1030 1072 LacetaniS,
1062 1017 1296 1057 omnem
1331 1019 1490 1057 oram
1527 1019 1706 1078 usque
1738 999 1814 1057 ad
1841 998 2072 1057 Iberum
2105 999 2208 1058 flu-

264 1119 424 1172 men,
447 1099 660 1177 partim
688 1097 1031 1156 renovandis
1061 1095 1449 1169 societatibus,
1473 1097 1686 1174 partim
1713 1097 1880 1154 novis
1906 1097 2207 1155 instituen-

266 1197 379 1268 dis,
410 1196 689 1255 Romanae
724 1195 970 1254 dicionis
1008 1195 1165 1253 fecit.
1254 1193 1398 1252 Inde
1435 1194 1738 1253 conciliata
1769 1194 2067 1254 facilitatis
2099 1195 2207 1254 cle·

262 1295 619 1372 mentiaeque
659 1293 819 1351 fama
858 1311 977 1350 non
1018 1292 1093 1350 ad
1129 1292 1452 1350 maritimos
1493 1291 1670 1351 modo
1711 1292 1977 1371 populos,
2009 1293 2110 1351 sed
2142 1294 2203 1351 in

264 1391 703 1449 mediterraneis
736 1409 965 1468 quoque
998 1409 1063 1448 ac
1092 1389 1388 1448 montanis
1415 1389 1491 1448 ad
1516 1389 1824 1449 ferociores
1849 1390 1971 1468 jam
2002 1397 2203 1469 gentes
2224 1397 2298 1449 10

262 1489 476 1560 valuit3
512 1507 617 1546 nec
644 1507 757 1566 pax
785 1487 961 1544 modo
990 1487 1148 1564 apud
1174 1507 1290 1560 eos,
1318 1487 1419 1546 sed
1441 1487 1682 1546 societas
1709 1489 1886 1546 etiam
1913 1507 2202 1546 armorum

261 1592 467 1663 parata
493 1592 596 1659 est,
616 1583 935 1662 validaeque
964 1584 1185 1662 aliquot
1213 1585 1560 1643 auxiliorum
1587 1585 1854 1644 cohortes
1881 1604 1950 1643 ex
1972 1586 2044 1644 iis
2071 1605 2204 1644 con-

262 1683 495 1760 scriptae
539 1689 689 1740 sunt.
773 1681 1083 1739 Hannonis
1127 1682 1209 1740 cis
1252 1682 1486 1741 Iberum
1534 1681 1832 1760 provincia
1871 1688 2024 1740 erat:
2069 1702 2202 1740 eum

260 1779 583 1856 reliqueratv
612 1776 905 1836 Hannibal
956 1777 1030 1834 ad
1072 1778 1324 1854 regionis
1373 1778 1500 1856 ejus
1540 1777 1893 1856 praesidium.
1978 1776 2198 1855 Itaque,

262 1877 597 1954 priusquam
624 1875 1005 1933 alienarentur
1033 1875 1244 1946 omnia,
1266 1875 1494 1933 obviam
1523 1874 1776 1933 eundum
1805 1880 1981 1946 ratus,
2001 1875 2199 1932 castris
2221 1881 2295 1932 15

260 1974 324 2030 in
354 1978 665 2049 conspectu
685 1970 942 2029 hostium
963 1971 1186 2049 positiS,
1209 1970 1272 2028 in
1299 1971 1481 2029 aciem
1511 1971 1726 2030 eduxit.
1790 1970 1850 2028 N
1850 1990 1913 2029 ec
1934 1969 2198 2028 Romano

260 2069 649 2128 differendum
694 2075 980 2126 certamen
1022 2068 1228 2141 visum,
1261 2069 1476 2146 quippe
1519 2069 1621 2147 qui
1661 2068 1832 2128 sciret
1872 2086 2005 2126 cum
2041 2067 2201 2125 Han-

261 2186 415 2224 none
460 2174 521 2224 et
560 2165 923 2224 Hasdrubale
974 2165 1085 2223 sibi
1134 2165 1531 2224 dimicandum
1581 2184 1719 2237 esse,
1754 2164 2064 2243 malletque
2105 2165 2200 2222 ad-

260 2282 458 2320 versus
500 2262 760 2340 singulos
800 2263 1126 2340 separatim,
1158 2281 1333 2340 quam
1376 2261 1645 2320 adversus
1686 2261 1832 2320 duos
1873 2261 2042 2320 simul
2076 2281 2197 2320 rem

260 2377 473 2436 gerere.
558 2358 681 2416 Nec
709 2359 906 2434 magni
936 2358 1266 2417 certaminis
1293 2377 1360 2416 ea
1387 2357 1686 2418 dimicatio
1719 2359 1868 2417 fuit:
1913 2378 2010 2417 sex
2037 2358 2199 2416 milia
2218 2363 2294 2415 20

259 2454 519 2512 hostium
548 2473 711 2526 caesa,
736 2454 854 2512 duo
883 2461 1053 2532 capta
1078 2473 1211 2513 cum
1239 2455 1512 2532 praesidio
1541 2461 1872 2514 castrorum.
1958 2454 2111 2513 Nam
2141 2462 2200 2514 et

260 2557 447 2609 castra
474 2558 801 2628 expugnata
834 2558 984 2623 sunt,
1010 2558 1183 2630 atque
1215 2552 1340 2628 ipse
1368 2552 1486 2610 dux
1515 2572 1646 2611 cum
1680 2551 1900 2631 aliquot
1927 2553 2200 2631 principi-

258 2649 369 2706 bus
411 2649 731 2726 capiuntur,
769 2654 829 2706 et
870 2648 1062 2720 CissiS,
1099 2649 1494 2726 propinquum
1535 2651 1734 2708 castris
1775 2649 2076 2728 oppidum,
2107 2670 2200 2708 ex-

260 2751 568 2823 pugnatur.
654 2744 924 2804 Ceterum
958 2745 1157 2824 praeda
1190 2746 1394 2824 oppidi
1432 2747 1594 2824 parvi
1630 2747 1802 2824 pretii
1840 2766 2029 2805 rerum
2064 2748 2194 2820 fuit,

261 2842 518 2920 supellex
550 2842 845 2901 barbarica
880 2862 945 2901 ac
984 2843 1185 2901 vilium
1224 2842 1682 2920 mancipiorum:
1727 2850 1912 2902 castra
1951 2844 2196 2902 militem
2218 2851 2292 2903 25

260 2941 532 3012 ditavere,
552 2959 669 2998 non
692 2940 817 3016 ejus
837 2939 1013 2998 modo
1037 2940 1334 3012 exercitus,
1360 2939 1458 3017 qui
1480 2939 1664 2997 victus
1693 2946 1830 3011 erat,
1851 2939 1953 2997 sed
1975 2947 2034 2998 et
2054 2940 2195 3018 ejuS,

262 3038 361 3114 qui
404 3046 539 3094 cum
572 3036 899 3094 Hannibale
938 3037 1001 3095 in
1036 3036 1205 3094 Italia
1243 3035 1548 3107 militabat,
1581 3034 1850 3093 omnibus
1890 3035 2013 3094 fere
2055 3037 2199 3094 caris

259 3134 446 3207 rebuS,
471 3153 545 3191 ne
577 3135 775 3211 gravia
809 3134 1227 3212 impedimenta
1257 3133 1578 3193 ferentibus
1618 3138 1824 3205 essent,
1849 3131 1994 3190 citra
2026 3132 2201 3210 Pyre-

258 3249 455 3288 naeum
482 3228 711 3287 relictis.
1154 3309 1312 3370 LXL

307 3460 585 3514 operatione
614 3461 665 3502 1„
769 3425 1113 3504 Priusquam
1135 3433 1290 3484 certa
1308 3425 1484 3504 hujus
1517 3425 1694 3485 cladis
1714 3425 1874 3485 fama
1899 3427 2197 3498 accideret,

259 3529 399 3581 Spain
439 3529 667 3570 contin·
707 3528 1093 3599 transgressus
1115 3521 1349 3579 Iberum
1371 3522 1700 3580 Hasdrubal
1729 3542 1862 3580 cum
1893 3529 2025 3580 octo
2053 3521 2202 3578 mili-

258 3596 665 3639 ned.—Move-
704 3617 813 3676 bus
846 3617 1127 3696 peditum,
1150 3616 1310 3672 mille
1345 3617 1622 3693 equitum,
1653 3624 1948 3692 tamquam
1982 3615 2056 3672 ad
2087 3613 2202 3689 pri-

257 3663 673 3774 ἷῗὲιῃὲξοέξιοξῗῐ
708 3733 871 3772 mum
905 3711 1215 3770 adventum
1244 3709 1638 3768 Romanorum
1673 3726 2021 3776 occursurae,
2041 3705 2192 3781 poss«
