2459 3967
280 171 603 251 CARLIIJ
843 192 919 229 AB
963 193 1118 231 URBE
1165 193 1429 232 conon-A
1472 193 1646 230 mem.
2130 173 2213 235 83

278 340 536 409 peteret:
581 333 717 391 inde
745 333 902 391 illam
929 333 1180 391 absentis
1206 332 1644 391 insectationem
1673 352 1793 391 esse
1820 339 2032 404 natam,
2058 331 2217 409 quod

277 429 564 486 morando
608 449 769 506 spem
810 430 1148 487 destituerit.
1236 430 1371 487 Non
1406 429 1682 502 dubitare,
1715 431 1761 487 si
1796 450 1926 487 vera
1957 429 2215 487 deferan-

279 532 392 596 tur,
419 526 560 603 quin
589 529 776 603 prima
801 519 943 597 luce,
968 525 1068 582 ubi
1097 532 1333 583 ventum
1361 526 1422 582 in
1452 526 1757 584 concilium
1788 527 1877 597 sit,
1904 527 2213 584 instructus
2233 532 2307 584 20

279 641 416 679 cum
467 621 898 699 conjuratorum
945 640 1121 679 manu
1169 629 1533 699 armatusque
1583 630 1855 681 venturus
1903 624 1993 680 sit.
2077 623 2214 681 Dici

277 718 609 797 gladiorum
643 720 938 796 ingentem
972 738 1093 775 esse
1125 736 1428 775 numerum
1462 719 1537 776 ad
1570 739 1701 777 eum
1735 726 2106 778 convectum:
2151 720 2215 777 id

278 836 497 873 vanum
524 835 704 873 necne
733 816 823 887 sit,
849 815 1137 892 extemplo
1167 816 1300 873 sciri
1325 834 1509 892 posse.
1594 815 1819 893 Rogare
1848 836 1961 889 eOS,
1986 824 2052 874 ut
2078 817 2214 875 inde

279 931 479 970 secum
521 912 595 969 ad
626 911 886 969 Turnum
927 912 1172 970 veniant.
1260 911 1595 988 Suspectam
1630 911 1769 969 fecit
1806 931 1923 970 rem
1965 920 2023 971 et
2059 914 2215 991 inge-

278 1010 449 1067 nium
489 1008 670 1067 Turni
716 1009 896 1079 ferox,
933 1015 992 1067 et
1040 1008 1224 1066 oratio
1274 1008 1555 1079 hesterna,
1591 1015 1651 1066 et
1698 1026 1857 1067 mora
1897 1009 2210 1086 Tarquinii,
2232 1020 2308 1072 25

282 1105 446 1181 quod
472 1104 772 1161 videbatur
799 1104 874 1161 ob
901 1124 1028 1161 eam
1057 1104 1277 1161 differri
1305 1105 1490 1161 caedes
1518 1105 1788 1181 potuisse.
1874 1104 2030 1163 Eunt
2058 1106 2215 1163 incli-

280 1202 437 1257 natis
471 1200 702 1278 quidem
737 1201 811 1257 ad
844 1199 1190 1258 credendum
1225 1202 1448 1272 animiS,
1480 1207 1690 1273 tamen,
1722 1202 1833 1259 nisi
1872 1202 2081 1280 gladiis
2123 1202 2216 1261 de-

279 1296 597 1374 prehensiS‚
633 1302 820 1355 cetera
865 1316 1012 1355 vana
1059 1297 1452 1355 existimaturi.
1537 1298 1659 1357 Ubi
1707 1306 1793 1357 est
1840 1319 1909 1357 eo
1958 1307 2210 1372 ventum,

279 1392 546 1450 Turnum
579 1412 648 1450 ex
681 1412 884 1449 somno
918 1393 1228 1450 excitatum
1264 1394 1689 1453 circumsistunt
1722 1376 2019 1468 custodes;
2062 1415 2215 1454 com-

281 1489 693 1567 prehensisque
727 1491 917 1562 serviS,
951 1490 1050 1567 qui
1088 1492 1324 1549 caritate
1358 1492 1579 1551 domini
1612 1494 1729 1550 vim
1762 1494 2055 1570 parabant,
2081 1513 2211 1551 cum
2234 1500 2308 1552 30

279 1586 462 1664 gladii
507 1586 689 1643 abditi
737 1606 806 1643 ex
855 1586 1123 1645 omnibus
1165 1587 1307 1645 locis
1354 1588 1685 1647 deverticuli
1732 1590 2211 1667 protraherentur,

281 1684 574 1741 enimvero
609 1683 916 1741 manifesta
955 1702 1043 1743 res
1081 1683 1217 1756 visa,
1249 1683 1591 1764 injectaeque
1623 1685 1819 1745 Turno
1862 1692 2111 1758 catenae3
2156 1693 2214 1745 et

279 1780 593 1839 confestim
628 1779 966 1837 Latinorum
1001 1781 1309 1839 concilium
1343 1802 1554 1859 magno
1594 1801 1726 1840 cum
1759 1782 2013 1839 tumultu
2044 1781 2217 1839 advo-

279 1883 459 1934 catur.
545 1876 638 1933 Ibi
665 1882 786 1933 tam
815 1883 975 1934 atrox
1007 1877 1226 1960 invidia
1255 1885 1381 1935 orta
1408 1886 1493 1936 est
1521 1877 1729 1955 gladiis
1756 1878 1815 1934 in
1845 1877 2036 1934 medio
2065 1878 2215 1955 posi-

277 1972 375 2044 tis,
396 1978 462 2029 ut
489 1972 710 2030 indicta
737 1992 906 2030 causa
931 1993 1083 2031 novo
1111 1993 1319 2051 genere
1340 1974 1441 2033 leti
1470 1974 1726 2051 dejectus
1754 1974 1827 2031 ad
1848 1980 2020 2051 caput
2048 1993 2209 2052 aquae
2232 1981 2305 2033 35

279 2068 620 2141 Ferentinae,
652 2074 806 2127 crate
845 2089 1085 2147 superne
1124 2070 1339 2149 injecta
1372 2072 1631 2149 saxisque
1666 2072 1967 2150 congestiS,
1997 2090 2213 2151 merge·
2233 2082 2374 2155 [ἓ

279 2172 452 2223 retur.
878 2160 888 2179 ⁴
2146 2152 2230 2187 s

1187 2250 1313 2309 LII.

330 2380 685 2432 Tarquinius
805 2361 1108 2421 Revocatis
1141 2363 1349 2422 deinde
1382 2364 1455 2423 ad
1488 2366 1792 2423 concilium
1827 2364 2045 2423 Latinis
2078 2363 2211 2422 Tar·
2244 2426 2251 2434 ,

277 2458 378 2555 {²th
386 2448 686 2563 ξξέξῖγῑῗίξ
727 2458 958 2535 quinius
990 2460 1453 2537 collaudatisque,
1486 2462 1585 2539 qui
1610 2461 1869 2519 Turnum
1903 2468 2209 2519 novantem

277 2582 430 2621 twoe„
471 2580 551 2621 the
592 2580 686 2621 Ro-
726 2573 814 2611 res
845 2574 952 2631 pro
985 2556 1293 2613 manifesto
1327 2557 1629 2633 parricidio
1668 2558 1872 2615 merita
1902 2576 2075 2634 poena
2116 2554 2211 2613 ad-

277 2656 434 2754 ³22⁰&
451 2646 684 2755 ῗέἓθὲὲἑ·
727 2650 1012 2723 fecissent,
1055 2652 1138 2709 ita
1185 2651 1357 2709 verba
1402 2653 1576 2710 fecit:
1633 2654 1811 2710 Posse
1860 2653 2091 2729 quidem
2150 2670 2209 2708 se

279 2778 470 2821 which
509 2780 560 2821 i„
605 2742 688 2821 ΜΞ
727 2752 952 2804 vetusto
979 2746 1105 2823 jure
1133 2766 1315 2825 agere,
1343 2747 1515 2823 quod,
1540 2768 1669 2805 cum
1700 2766 1897 2805 omnes
1920 2747 2110 2804 Latini
2136 2746 2207 2804 ab
2268 2752 2302 2803 5

277 2842 518 2895 cordingly
545 2842 679 2885 done.
722 2841 876 2899 Alba
907 2843 1134 2900 oriundi
1163 2844 1296 2914 sint,
1319 2842 1380 2898 in
1411 2862 1477 2900 eo
1506 2842 1723 2899 foedere
1750 2850 2067 2913 teneantur,
2093 2862 2207 2919 quo

277 2938 353 2996 ab
389 2938 558 2997 Tullo
591 2958 682 2997 res
720 2938 908 2996 omnis
939 2937 1176 3007 Albana,
1199 2958 1330 2995 cum
1367 2928 1607 2995 col'oniis
1640 2938 1756 2994 suis
1789 2938 1845 2993 in
1882 2938 2221 2998 Romanum,

278 3035 512 3093 cesserit
558 3034 881 3111 imperium.
967 3033 1238 3093 Ceterum
1292 3053 1351 3091 se
1406 3032 1669 3091 utilitatis
1717 3032 1901 3107 magis
1950 3032 2209 3088 omnium

278 3150 450 3189 causa
477 3150 720 3203 censere,
744 3138 811 3190 ut
843 3138 1146 3190 renovetur
1173 3132 1236 3189 id
1262 3131 1471 3203 foedus,
1497 3127 1853 3204 secundaque
1874 3126 2069 3205 potius
2095 3128 2211 3185 for-

277 3235 422 3285 tuna
452 3229 656 3306 populi
683 3228 933 3288 Romani
959 3235 1026 3286 ut
1053 3230 1360 3306 participes
1387 3227 1577 3285 Latini
1610 3226 1889 3296 fruantur,
1922 3244 2093 3303 quam
2121 3246 2209 3285 ur-
2228 3233 2301 3286 10

277 3325 439 3382 bium
469 3326 691 3383 excidia
711 3326 1166 3402 vastationesque
1195 3345 1479 3402 agrorum,
1501 3344 1639 3402 quas
1659 3323 1827 3381 Anco
1854 3324 2028 3401 prius,
2048 3331 2209 3402 patre
2266 3376 2271 3379 .

276 3421 489 3479 deinde
531 3442 635 3479 suo
676 3428 968 3499 regnante,
1005 3422 1259 3498 perpessi
1302 3423 1433 3492 sint,
1478 3440 1701 3499 semper
1740 3429 1839 3479 aut
1880 3428 2209 3498 exspectent

276 3524 376 3575 aut
417 3518 727 3594 patiantur.
811 3517 989 3579 Haud
1029 3517 1335 3575 difficulter
1373 3536 1703 3593 persuasum
1743 3516 1977 3586 Latinis,
2015 3535 2209 3591 quam-

277 3633 450 3691 quam
484 3614 546 3672 in
579 3634 648 3672 eo
682 3613 902 3671 foedere
944 3613 1201 3689 superior
1233 3612 1495 3670 Romana
1525 3631 1613 3669 res
1654 3618 1807 3681 erat3
1856 3617 2106 3665 ceterum
2149 3613 2207 3663 et

272 3713 468 3791 capita
493 3713 748 3774 nominis
775 3711 966 3775 Latini
994 3718 1140 3769 stare
1175 3728 1239 3768 ac
1274 3710 1481 3767 sentire
1514 3728 1644 3765 cum
1674 3726 1804 3781 rege
1832 3704 2117 3771 videbant,
2148 3707 2206 3757 et
2226 3700 2299 3750 15
