2459 3967
233 218 666 299 CARXVHI]
807 240 882 277 AB
927 240 1082 279 unnr.
1127 239 1391 279 comum
1436 241 1610 280 unm.
2045 224 2171 290 179

233 381 679 459 quinqueremes
698 381 850 440 datae
875 376 1086 458 (neque
1113 381 1269 438 enim
1297 382 1441 439 mari
1467 390 1766 443 venturum
1796 391 1897 442 aut
1918 404 1985 443 ea
2010 391 2173 463 parte

231 478 374 537 belli
416 479 825 537 dimicaturum
867 478 1094 535 hostem
1138 476 1489 556 credebant),
1515 487 1574 538 et
1614 482 1743 539 duae
1778 481 2055 539 Romanae
2098 482 2174 541 le·

233 576 452 654 gionese
487 595 622 633 cum
671 595 774 633 suo
815 575 974 653 justo
1019 576 1280 653 equitatu
1330 582 1389 634 et
1431 579 1890 654 quattuordecim
1938 578 2172 637 milibus
2190 587 2264 639 25

235 673 524 731 sociorum
553 672 837 750 peditum,
861 672 1150 750 equitibus
1178 672 1335 731 mille
1364 676 1659 733 sexcentis,
1728 675 1890 733 Duas
1916 676 2173 754 legiones

234 768 529 827 Romanas
569 776 630 828 et
672 770 870 829 decem
910 769 1072 827 milia
1111 769 1399 829 sociorum
1440 770 1721 847 peditum,
1750 772 1909 829 mille
1951 774 2172 851 equites

235 866 440 938 socios,
472 872 770 924 sexcentos
809 867 1105 923 Romanos
1147 864 1337 924 Gallia
1376 867 1672 944 provincia
1713 869 1971 927 nondum
2012 889 2174 929 versa
2215 916 2223 968 ι

233 963 300 1019 in
327 961 616 1021 Punicum
644 961 860 1021 bellum
889 961 1107 1022 habuit.
1990 1006 2118 1067 -d-
2136 970 2232 1105 >Q
2266 976 2341 1077 Ρ)

1089 1140 1319 1202 XVIII.

305 1274 642 1317 Ambmauors
763 1253 876 1313 His
902 1254 986 1313 ita
1012 1254 1373 1332 comparatis,
1398 1263 1465 1314 ut
1492 1256 1688 1315 omnia
1712 1255 1867 1335 justa
1897 1263 2031 1317 ante
2057 1258 2173 1317 bel-

234 1351 315 1449 τῇ
328 1341 496 1449 (3ἶῇζῖ
538 1344 643 1449 86ῗὲ
683 1350 804 1407 lum
839 1350 1058 1423 fierent,
1089 1350 1311 1429 legatos
1346 1352 1595 1430 majores
1626 1361 1784 1426 natu,
1816 1353 1883 1424 Q.
1909 1354 2167 1429 Fabium,

232 1474 414 1525 inquire
473 1418 646 1516 ἐξω.
685 1445 764 1505 M.
789 1445 1034 1519 Livium,
1070 1446 1134 1506 L.
1157 1448 1483 1521 AEmilium,
1521 1449 1586 1508 C.
1610 1448 1912 1523 Licinium,
1950 1450 2017 1521 Q„
2042 1452 2171 1511 Bae-

232 1539 640 1648 giffffembsshsffi
677 1541 858 1615 bium,
888 1544 950 1601 in
998 1542 1262 1602 Africam
1310 1546 1555 1605 mittunt
1599 1545 1676 1605 ad
1714 1549 2170 1624 percunctandos

232 1616 509 1725 gumumggy
526 1672 640 1723 pub-
681 1638 1199 1719 CarthaginienseS,
1230 1641 1539 1718 publicone
1586 1643 1827 1701 consilio
1876 1644 2168 1704 Hannibal
2228 1654 2263 1706 5

233 1740 296 1783 lic
339 1740 640 1792 authority.-
681 1736 1004 1814 Saguntum
1043 1746 1451 1816 oppugnasset,
1483 1745 1541 1797 et
1574 1739 1639 1811 si,
1670 1740 1732 1796 id
1766 1741 1924 1817 quod
1958 1742 2169 1801 facturi

233 1807 411 1918 ῗξθῗζί
455 1806 642 1919 32:32⁰
683 1833 1041 1908 videbantur,
1073 1836 1393 1895 faterentur
1425 1856 1491 1894 ac
1525 1836 1903 1895 defenderent
1932 1838 2167 1915 publico

233 1947 396 2000 glnian
458 1947 638 1997 senate,
683 1935 922 1994 consilio
956 1934 1195 2006 factum,
1225 1941 1293 1992 ut
1326 1933 1645 1993 indicerent
1681 1935 1899 2013 populo
1934 1935 2170 1994 Cartha-

232 2014 338 2134 ξιξέ
347 2014 642 2123 διξεῖὲῖἳξὲ
681 2033 929 2111 giniensi
969 2032 1200 2091 bellum.
1285 2032 1535 2091 Romani
1576 2040 1886 2112 postquam
1934 2032 2169 2092 Cartha-

232 2140 353 2189 b‘een
371 2148 451 2189 the
469 2158 643 2190 ease-
682 2128 877 2207 gine'm
922 2136 1216 2201 venerunt,
1248 2148 1379 2188 cum
1424 2137 1653 2188 senatus
1698 2130 1866 2189 datus
1909 2137 2072 2202 esset,
2108 2137 2167 2191 et
2187 2136 2262 2189 10

233 2215 640 2324 ἔζὲζωὲἑθῖῃῐίἶξ
683 2227 750 2297 Q„
776 2227 986 2285 Fabius
1021 2225 1166 2284 nihil
1199 2226 1351 2285 ultra
1388 2245 1559 2304 quam
1593 2246 1791 2299 unum,
1823 2226 1978 2305 quod
2010 2246 2168 2285 man-

232 2348 416 2390 Roman
462 2294 642 2391 „ghu-
683 2324 882 2382 datum
911 2330 1047 2396 erat,
1067 2331 1470 2401 percunctatus
1498 2330 1659 2397 esset,
1679 2331 1807 2383 tum
1836 2344 1904 2382 ex
1934 2324 2168 2383 Cartha-

232 2414 410 2457 sudore.
682 2419 1038 2497 giniensibus
1079 2439 1227 2478 unus
1250 2439 1264 2478 :
1311 2421 1344 2448 “
1364 2421 1631 2499 Praeceps
1663 2428 1865 2494 vestra,
1896 2420 2162 2493 Romani,

233 2523 295 2575 et
326 2518 486 2595 prior
516 2518 730 2596 legatio
761 2518 894 2589 fuit,
925 2536 1055 2575 cum
1090 2517 1476 2576 Hannibalem
1508 2525 1803 2596 tamquam
1840 2537 1942 2577 suo
1985 2517 2166 2577 consi-

232 2613 314 2671 lio
343 2614 668 2693 Saguntum
704 2620 1137 2692 oppugnantem
1172 2614 1603 2691 deposcebatis:
1647 2622 1899 2674 ceterum
1932 2613 2058 2673 haec
2090 2615 2165 2673 le·
2186 2619 2259 2671 15

233 2712 394 2788 gatio
423 2711 613 2770 verbis
639 2710 826 2769 adhuc
853 2711 1036 2769 lenior
1063 2719 1166 2783 est,
1190 2730 1251 2769 re
1279 2713 1543 2790 asperior.
1627 2713 1791 2771 Tunc
1824 2713 1977 2771 enim
2007 2712 2166 2769 Han-

231 2807 391 2866 nibal
433 2814 492 2865 et
524 2808 964 2866 insimulabatur
1004 2814 1062 2865 et
1095 2808 1546 2886 deposcebatur:
1588 2828 1741 2867 nunc
1782 2808 1853 2866 ab
1894 2808 2062 2867 nobis
2104 2815 2167 2867 et

232 2904 523 2963 confessio
558 2903 742 2982 culpae
775 2905 1131 2981 exprimitur,
1162 2912 1237 2977 et,
1268 2912 1335 2963 ut
1366 2924 1400 2962 a
1426 2904 1719 2976 confessiS,
1750 2924 1837 2963 res
1872 2905 2163 2985 extemplo

231 3008 588 3079 repetuntur.
672 3002 800 3079 Ego
834 3009 1025 3060 autem
1053 3021 1188 3074 non,
1213 3002 1437 3080 privato
1466 3000 1771 3078 publicone
1800 3001 2037 3058 consilio
2066 3000 2164 3057 Sa-

231 3092 482 3176 guntum
525 3106 924 3177 oppugnatum
967 3099 1058 3170 sit,
1095 3100 1468 3176 quaerendum
1510 3116 1787 3168 censeam,
1824 3097 1926 3155 sed
1966 3104 2160 3155 utrum
2181 3102 2257 3154 20

230 3196 358 3274 jure
391 3216 464 3254 an
499 3194 724 3273 injuria.
809 3196 867 3253 Ν
869 3203 1023 3254 ostra
1063 3197 1216 3254 enim
1250 3195 1376 3254 haec
1418 3195 1661 3274 quaestio
1702 3180 1875 3272 atque
1911 3194 2162 3252 animad-

231 3294 417 3351 versio
447 3293 507 3349 in
537 3286 717 3350 civem
749 3299 1009 3350 nostrum
1044 3299 1145 3364 est,
1172 3292 1314 3370 quid
1345 3299 1544 3351 nostro
1578 3298 1679 3348 aut
1712 3309 1814 3348 suo
1843 3291 2048 3349 fecerit
2078 3310 2161 3349 ar-

231 3388 445 3447 bitrio:
487 3387 785 3446 vobiscum
827 3408 943 3445 una
975 3388 1315 3465 disceptatio
1359 3396 1460 3460 est,
1492 3388 1785 3446 licueritne
1826 3407 1929 3465 per
1968 3388 2161 3446 foedus

229 3485 368 3545 fieri.
439 3484 644 3563 Itaque
673 3485 943 3562 quoniam
973 3484 1216 3543 discerni
1244 3485 1447 3562 placet,
1474 3485 1612 3562 quid
1639 3485 1871 3562 publico
1900 3486 2156 3557 consili0‚

232 3582 374 3660 quid
406 3600 510 3640 sua
542 3588 750 3659 sponte
781 3581 1153 3658 imperatores
1183 3578 1419 3651 faciant,
1443 3580 1609 3637 nobis
1637 3582 1932 3640 vobiscum
1966 3582 2159 3638 foe'dus
2178 3585 2254 3635 25

229 3685 318 3737 est
349 3676 385 3736 a
425 3677 490 3737 C.
515 3678 748 3737 Lutatio
782 3676 1014 3735 consule
1046 3676 1245 3746 ictum,
1275 3675 1336 3731 in
1372 3693 1487 3752 quo
1520 3694 1651 3733 cum
1670 3672 1977 3735 'caveretur
2008 3681 2159 3732 utro-

229 3794 472 3854 rumque
501 3776 689 3847 socii8‚
713 3773 859 3831 nihil
887 3774 959 3831 de
987 3771 1321 3848 Saguntinis
1346 3766 1616 3845 (necdum
1646 3773 1800 3830 enim
1829 3776 1989 3829 erant
2017 3766 2157 3833 socii
