2459 3967
293 3566 375 3613 put
394 3566 441 3603 to
461 3564 611 3603 death.

280 228 404 291 136
1093 248 1206 286 'r1'r1
1251 248 1375 286 L1V1
1959 223 2110 303 [Lm.
2138 228 2215 289 ΙΙ.

277 389 416 466 pati,
443 409 546 447 nec
580 389 688 447 tibi
721 390 944 467 turpius
979 408 1151 467 quam
1193 389 1341 447 mihi
1382 390 1663 461 miserius,
1688 408 1959 467 possum3
2004 410 2125 462 nec,
2150 397 2219 447 ut

278 506 406 545 sum
435 487 770 559 miserrima,
797 487 898 544 diu
925 487 1123 544 futura
1151 505 1313 545 sum:
1358 487 1429 545 de
1463 487 1554 544 his
1582 487 1808 558 videriS,
1836 506 1995 565 qUOS,
2016 487 2064 544 si
2092 506 2219 564 per-

277 584 384 661 gis,
409 590 509 642 aut
542 585 850 641 immatura
889 603 1046 641 mors
1087 591 1186 642 aut
1219 585 1395 661 longa
1434 584 1675 642 servitus
1715 582 1965 642 manet.”
2048 584 2219 643 Uxor

279 680 488 739 deinde
521 700 586 738 ac
621 680 786 738 liberi
813 680 1080 758 amplexi,
1105 680 1387 758 fletusque
1420 680 1492 738 ab
1527 682 1687 739 omni
1714 680 1883 739 turba
1909 681 2217 739 mulierum

280 784 456 848 ortuS,
483 784 541 835 et
583 778 964 855 comploratio
1009 779 1097 835 sui
1130 768 1462 855 patriaeque,
1486 762 1707 855 fregere
1740 779 1977 836 tandem
2010 779 2215 837 virum.
2240 789 2320 867 35

279 874 630 952 Complexus
654 874 788 931 inde
818 894 951 932 suos
972 874 1252 946 dimittit3
1297 875 1420 952 ipse
1442 882 1593 933 retro
1622 874 1695 932 ab
1713 875 1857 932 urbe
1886 882 2069 933 castra
2096 894 2220 933 mo-

278 973 379 1051 vit.
465 972 754 1030 Abductis
797 972 1005 1029 deinde
1046 971 1370 1049 legionibus
1411 992 1481 1029 ex
1522 991 1659 1049 agro
1694 972 1959 1029 Romano
2000 971 2221 1029 invidia

255 1070 361 1127 'rei
392 1090 730 1147 oppressum
759 1071 972 1147 perisse
1000 1068 1253 1142 tradunt,
1279 1069 1375 1127 alii
1404 1070 1515 1128 alio
1543 1070 1676 1128 leto,
1746 1069 1926 1146 Apud
1954 1068 2215 1141 Fabium,

267 1164 454 1242 longe
487 1167 951 1244 antiquissimum
986 1152 1296 1238 auctorem,
1320 1186 1500 1244 usque
1528 1166 1603 1223 ad
1630 1173 1983 1223 senectutem
2011 1166 2219 1223 vixisse

281 1262 528 1320 eundem
563 1264 827 1321 invenio:
871 1263 1047 1321 refert
1080 1269 1248 1335 certe,
1272 1262 1421 1321 hanc
1463 1282 1616 1341 saepe
1650 1282 1781 1320 eum
1816 1270 2014 1321 exacta
2046 1270 2219 1323 aetate
2238 1270 2323 1322 40

280 1378 582 1435 usurpasse
617 1379 834 1432 vocem,
858 1361 1044 1419 multo
1085 1360 1349 1418 miserius
1391 1360 1513 1418 seni
1554 1359 1817 1419 exsilium
1858 1380 1995 1419 esse.
2080 1360 2219 1419 Non

280 1456 614 1514 inviderunt
640 1456 808 1514 laude
843 1477 945 1514 sua
971 1456 1309 1515 mulieribus
1336 1458 1443 1514 viri
1470 1457 1753 1516 Romani:
1798 1457 1941 1515 adeo
1970 1458 2093 1515 sine
2122 1457 2221 1515 ob-

282 1554 625 1611 trectatione
670 1554 872 1631 gloriae
928 1555 1129 1611 alienae
1179 1553 1506 1611 vivebatur:
1564 1561 1941 1612 monumento
1991 1574 2220 1633 quoque

284 1650 441 1729 quod
483 1658 648 1723 esset,
679 1651 961 1728 templum
997 1651 1269 1709 Fortunae
1310 1650 1577 1709 muliebri
1616 1650 1961 1709 aedificatum
1997 1652 2221 1710 dedica-

282 1755 527 1827 tumque
577 1756 678 1807 est.
763 1748 1007 1807 Rediere
1038 1749 1267 1807 'deinde
1311 1749 1528 1821 Volsci,
1568 1748 1857 1827 adjunctis
1899 1750 2127 1827 AEquiS‚
2157 1751 2220 1808 in
2239 1757 2321 1811 45

283 1866 486 1923 agrum
517 1846 863 1917 Romanum,
889 1846 990 1903 sed
1017 1846 1198 1925 AEqui
1225 1846 1459 1904 Attium
1488 1846 1739 1904 Tullium
1776 1846 1931 1906 haud
1960 1847 2108 1905 ultra
2134 1855 2223 1906 tu-

282 1946 396 2003 lere
433 1945 654 2002 ducem.
740 1944 896 2001 Hinc
931 1963 999 2000 ex
1043 1944 1369 2015 certamine,
1389 1942 1589 2002 Volsci
1622 1944 1875 2020 Aiquine
1916 1944 2222 2021 imperato-

283 2062 403 2099 rem
427 2042 740 2119 conjuncto
763 2040 1036 2099 exercitui
1053 2040 1271 2112 darent,
1296 2040 1519 2113 sediti0‚
1540 2040 1747 2098 deinde
1768 2047 1932 2098 atrox
1949 2041 2221 2119 proelium

286 2146 494 2196 ortum.
580 2138 672 2195 Ibi
701 2137 937 2195 fortuna
964 2137 1165 2215 populi
1192 2137 1443 2195 Romani
1477 2137 1623 2195 duos
1650 2137 1905 2195 hostium
1941 2138 2221 2211 exercitus

283 2234 439 2291 haud
483 2235 672 2292 minus
713 2235 1034 2310 pernicioso
1076 2253 1247 2312 quam
1282 2234 1560 2311 pertinaci
1598 2234 1907 2291 certamine
1950 2236 2217 2294 confecit.
2242 2244 2321 2298 50

286 2329 564 2388 Consules
587 2330 754 2387 Titus
777 2330 1024 2387 Sicinius
1054 2337 1112 2387 et
1134 2330 1197 2388 C.
1215 2330 1498 2408 Aquilius,
1574 2330 1790 2389 Sicinio
1808 2330 2024 2403 Volsci,
2044 2332 2223 2409 Aqui-

285 2427 364 2483 lio
388 2426 628 2483 Hernici
660 2421 818 2500 (nam
848 2428 890 2484 ii
919 2446 1146 2505 quoque
1174 2428 1235 2483 in
1266 2428 1437 2485 armis
1468 2425 1652 2505 erant)
1689 2428 1985 2505 provincia
2012 2431 2218 2487 evenit.

287 2524 374 2579 Eo
417 2542 568 2580 anno
603 2523 843 2581 Hernici
877 2524 1122 2596 devicti3
1167 2543 1300 2583 cum
1328 2523 1558 2583 Volscis
1593 2544 1759 2603 aequo
1793 2524 1975 2585 Marte
2019 2526 2223 2584 disces-

289 2640 414 2677 sum
445 2627 545 2679 est.

1172 2702 1328 2761 XLI.

337 2844 436 2885 'rho
479 2844 690 2896 agrarian
813 2816 910 2895 Sp.
943 2816 1173 2875 Cassius
1222 2818 1432 2875 deinde
1486 2825 1547 2875 et
1593 2818 1872 2877 Proculus
1910 2819 2225 2897 Verginius

287 2910 692 3027 hagegmthiiitg
734 2913 994 2971 consules
1034 2914 1191 2972 facti.
1278 2914 1426 2971 Cum
1470 2915 1739 2973 Hernicis
1781 2916 1975 2973 foedus
2024 2918 2220 2990 ictum,

288 3056 399 3086 even
411 3045 692 3086 orthecom-
733 3010 854 3087 agri
908 3017 1098 3087 partes
1154 3010 1285 3067 duae
1335 3011 1638 3089 ademptae.
1724 3011 1867 3070 Inde
1916 3013 2223 3071 dimidium

289 3122 460 3187 mens
491 3110 695 3195 {qussed
739 3105 973 3178 Latinis,
999 3106 1307 3164 dimidium
1344 3106 1501 3185 plebi
1536 3108 1821 3166 divisurus
1862 3109 2059 3167 consul
2094 3110 2226 3167 Cas-

289 3180 690 3291 ξῖζῑρζζὲζζζξῗιῗῑ
735 3203 852 3259 sius
882 3209 1016 3260 erat.
1061 3202 1397 3281 Adjiciebat
1416 3204 1551 3261 huic
1578 3206 1803 3263 muneri
1826 3205 1947 3283 agri
1975 3206 2231 3284 aliquam
2288 3218 2323 3267 5

290 3307 496 3354 mistav,
513 3308 692 3381 regard-
733 3306 876 3369 tum,
909 3318 1077 3375 quem
1123 3299 1417 3375 publicum
1452 3301 1729 3377 possideri
1772 3321 1805 3358 a
1846 3302 2083 3379 privatis
2124 3302 2226 3359 cri-

291 3371 694 3484 ξὲἒὲιῃὲᾟζὲξῗ
735 3394 1074 3451 minabatur.
1162 3395 1232 3452 Id
1265 3396 1480 3453 multos
1523 3393 1755 3474 quidem
1790 3404 2037 3474 patrum,
2069 3398 2225 3476 ipsos

293 3500 694 3541 Condemuedand
735 3505 1103 3560 possessores,
1140 3491 1396 3566 periculo
1444 3512 1633 3549 rerum
1684 3513 1911 3551 suarum
1957 3494 2219 3551 terrebat.

736 3579 850 3635 Sed
884 3588 942 3637 et
974 3584 1205 3658 publica
1237 3586 1497 3661 patribus
1530 3588 1857 3646 sollicitudo
1890 3590 2091 3662 inerat,
2122 3591 2225 3648 lar-

295 3670 514 3744 gitione
564 3672 854 3729 consulem
897 3679 1241 3750 periculosas
1281 3681 1533 3740 libertati
1576 3704 1716 3762 opes
1756 3693 1987 3745 struere.
2072 3687 2222 3745 Tum
2247 3694 2323 3745 10

296 3764 546 3837 primum
575 3764 665 3824 lex
700 3768 918 3841 agraria
944 3774 1309 3850 promulgata
1336 3785 1439 3849 est,
1462 3798 1779 3858 numquam
1809 3782 2017 3841 deinde
2044 3803 2223 3862 usque
