2459 3967
177 238 326 298 cst.
350 236 570 317 XLII.]
752 258 829 297 AB
874 258 1030 298 unna
1074 258 1338 299 comm-A
1382 259 1558 299 unm.
1994 239 2120 306 137

175 399 253 457 ad
297 398 448 457 hanc
489 400 828 457 memoriam
873 400 995 459 sine
1043 401 1310 459 maximis
1355 402 1610 459 motibus
1655 422 1841 459 rerum
1888 402 2117 479 agitata.

175 496 400 554 Consu]
443 497 590 555 alter
629 497 922 575 largitioni
971 497 1288 571 resistebat,
1326 499 1655 557 auctoribus
1695 499 1974 578 patribuS,
2017 518 2122 556 nec

175 595 344 651 omni
371 594 541 671 plebe
576 594 925 666 adversante,
951 614 1080 673 quae
1107 596 1299 673 primo
1333 603 1584 674 coeperat
1610 596 1888 669 fastidire,
1912 616 2122 655 munus

173 691 484 769 vulgatum
506 711 540 748 a
560 690 780 749 civibus
799 692 910 749 isse
931 692 994 749 in
1015 693 1214 751 socios„
1283 693 1451 771 Saepe
1472 693 1680 751 deinde
1703 701 1761 752 et
1777 693 2121 771 Verginium
2142 699 2215 752 15

177 787 479 846 consulem
513 788 575 845 in
609 788 976 846 contionibus
1009 789 1166 847 velut
1198 790 1607 848 vaticinantem
1642 790 1926 862 audiebat,
1951 790 2123 867 pesti-

175 885 302 943 lens
336 883 575 963 collegae
609 904 819 943 munus
853 904 1006 959 esse3
1049 905 1218 963 agros
1251 886 1381 944 illos
1421 887 1755 944 servitutem
1789 888 1876 959 iis,
1903 887 2001 963 qui
2036 906 2123 945 ac-

101 1005 107 1009 ·
175 982 457 1061 ceperint,
481 982 728 1055 laturos3
771 1001 949 1060 regno
985 983 1134 1041 viam
1168 982 1307 1041 fieri.
1394 982 1550 1053 Quid
1584 984 1667 1041 ita
1705 966 1858 1041 enim
1894 983 2120 1041 adsumi

174 1080 371 1138 socios
404 1086 466 1137 et
493 1099 705 1137 nomen
734 1079 1042 1139 Latinqu
1123 1080 1279 1149 Quid
1308 1081 1606 1139 attinuisse
1640 1080 1924 1152 Hernicis,
1947 1080 2119 1158 paulo

175 1184 314 1235 ante
356 1176 640 1250 hostibus,
665 1177 819 1254 capti
861 1178 984 1255 agri
1025 1172 1263 1256 partem'
1292 1178 1520 1235 tertiam
1566 1178 1745 1250 reddi,
1777 1178 1887 1235 nisi
1928 1184 1994 1236 ut
2034 1197 2118 1235 eae
2138 1184 2213 1237 20

173 1281 386 1353 gentes
418 1293 526 1351 pro
561 1273 867 1332 Coriolano
910 1275 1116 1333 ducem
1150 1275 1413 1333 Cassium
1447 1274 1736 1333 habeant?
1816 1276 2119 1354 Popularis

185 1372 313 1448 jam
371 1390 494 1429 esse
543 1371 830 1429 dissuasor
877 1378 935 1429 et
983 1372 1323 1430 intercessor
1368 1371 1512 1449 legis
1566 1372 1800 1451 agrariae
1849 1381 2115 1451 coeperat.

174 1468 447 1545 Uterque
474 1467 682 1526 deinde
711 1467 909 1525 consul
937 1469 1198 1527 certatim
1226 1467 1383 1546 plebi
1416 1469 1729 1547 indulgere.
1806 1470 2119 1549 Verginius

173 1565 370 1623 dicere
397 1583 699 1641 passurum
728 1584 787 1623 se
816 1564 1104 1643 adsignari
1131 1585 1315 1643 agrOS,
1342 1565 1482 1624 dnm
1512 1586 1583 1625 ne
1613 1568 1706 1625 cui
1734 1568 1843 1625 nisi
1874 1569 1985 1626 civi
2006 1568 2119 1626 Ro-

173 1682 356 1720 mano
391 1661 798 1739 adsignentur:
842 1660 1086 1733 Cassius,
1114 1663 1249 1740 quia
1275 1663 1334 1720 in
1364 1664 1585 1740 agraria
1611 1662 1914 1742 largitione
1942 1664 2119 1723 ambi·
2137 1672 2212 1725 25

173 1761 366 1819 tiosus
399 1759 462 1816 in
491 1759 680 1816 socios
707 1778 889 1838 eoque
915 1758 1136 1817 civibus
1164 1760 1331 1817 vilior
1358 1767 1493 1832 erat,
1518 1767 1585 1819 ut
1605 1760 1717 1818 alio
1746 1780 1981 1819 munere
2008 1761 2119 1819 sibi

175 1854 576 1916 reconciliaret
604 1856 812 1914 civium
849 1857 1088 1928 animos,
1111 1856 1311 1934 jubere
1337 1876 1445 1935 pro
1480 1856 1675 1916 Siculo
1703 1857 1995 1915 frumento
2024 1876 2120 1935 pe-

65 1942 74 1953 ’
173 1954 413 2013 cuniam
443 1960 736 2029 acceptam
765 1953 1002 2012 retribui
1024 1954 1259 2032 populo,
1332 1954 1404 2012 Id
1426 1974 1559 2013 vero
1580 1954 1736 2014 haud
1757 1972 1917 2013 secus
1946 1973 2119 2031 quam

173 2056 528 2130 praesentem
563 2050 884 2109 mercedem
919 2052 1080 2129 regni
1109 2059 1411 2130 aspernata
1437 2051 1666 2130 plebes:
1711 2052 1854 2111 adeo
1883 2059 2119 2131 propter

175 2142 570 2227 suspicionem
607 2148 838 2207 insitam
874 2150 1051 2226 regni,
1073 2150 1230 2208 velut
1264 2150 1621 2209 abundarent
1649 2151 1857 2222 omnia,
1882 2170 2119 2209 munera
2139 2158 2213 2211 30

175 2245 306 2322 ejus
334 2246 399 2302 in
434 2245 640 2302 animis
669 2245 970 2304 hominum
999 2246 1428 2325 respuebantur.
1514 2246 1717 2320 Quem,
1737 2248 1837 2306 ubi
1865 2248 2115 2326 primum

174 2343 526 2419 magistratu
557 2341 714 2415 abiit,
741 2343 1076 2401 damnatum
1108 2351 1486 2423 necatumque
1516 2353 1755 2404 constat.
1841 2346 1989 2405 Sunt
2018 2347 2117 2424 qui

177 2445 408 2515 patrem
455 2444 705 2496 actorem
749 2439 874 2516 ejus
917 2439 1184 2517 supplicii
1225 2442 1454 2501 ferant:
1504 2461 1654 2514 eum,
1685 2444 1917 2521 cognita
1956 2443 2117 2501 domi

177 2554 368 2605 causa,
395 2533 717 2593 verberasse
751 2554 816 2593 ac
858 2555 1103 2608 necasse,
1129 2537 1532 2615 peculiumque
1564 2539 1669 2597 filii
1701 2540 1892 2598 Cereri
1926 2560 2119 2598 conse-

177 2633 463 2702 cravisse3
508 2630 735 2708 signum
771 2631 904 2690 inde
937 2633 1158 2690 factum
1193 2652 1315 2691 esse
1348 2641 1407 2693 et
1440 2636 1779 2714 inscriptum
1812 2637 1845 2664 ‘⁴
1864 2636 1951 2694 Ex
1984 2636 2117 2693 Cas·
2138 2618 2221 2697 35'

181 2730 265 2788 sia
298 2728 526 2787 familia
555 2728 812 2787 datum.”
896 2729 1136 2789 Invenio
1170 2732 1327 2808 apud
1357 2733 1651 2809 quosdam,
1674 2734 1849 2811 idque
1880 2734 2117 2810 propius

179 2826 356 2885 fidem
394 2832 497 2897 est,
528 2844 562 2883 a
596 2826 977 2903 quaestoribus
1009 2826 1261 2886 Kaesone
1294 2828 1470 2887 Fabio
1514 2836 1572 2887 et
1614 2829 1674 2888 L.
1691 2830 1924 2888 Valerio
1962 2831 2117 2888 diem

181 2924 400 2983 dictam
444 2922 866 3001 perduellioniS,
899 2924 1349 3003 damnatumque
1390 2926 1593 3003 populi
1634 2926 1869 3003 judiciO,
1901 2926 2119 2984 dirutas

179 3021 414 3098 publice
449 3020 616 3078 aedes,
701 3020 786 3079 Ea
820 3028 906 3079 est
939 3040 1068 3080 area
1099 3029 1233 3083 ante
1266 3022 1507 3081 Telluris
1542 3022 1741 3080 aedem.
1828 3022 2114 3093 Ceterum,

183 3119 302 3176 sive
335 3117 482 3175 illud
515 3118 915 3191 domesticum,
937 3120 1054 3179 sive
1087 3120 1383 3197 publicum
1417 3119 1533 3177 fuit
1564 3118 1863 3197 judicium,
1890 3117 2119 3175 damna-
2136 3125 2207 3179 40

181 3222 278 3273 tur
305 3214 506 3273 Servio
535 3214 804 3274 Cornelio
833 3214 900 3286 Q„
919 3216 1096 3274 Fabio
1125 3216 1468 3276 consulibus.

1060 3394 1245 3455 XLII.

231 3540 459 3595 agrarian
494 3541 586 3583 law
709 3506 888 3566 Haud
921 3508 1194 3567 diuturna
1234 3510 1319 3567 ira
1356 3509 1558 3589 populi
1594 3511 1652 3568 in
1688 3510 1951 3570 Cassium
1984 3513 2114 3571 fuit.

180 3608 344 3662 begins
369 3613 418 3651 to
439 3610 498 3651 be
519 3619 587 3651 re-
627 3602 890 3663 Dulcedo
913 3606 1150 3683 agrariae
1179 3605 1324 3681 legis
1350 3607 1477 3682 ipsa
1502 3626 1605 3683 per
1632 3627 1708 3679 se,
1733 3608 1970 3685 dempto
1993 3627 2119 3665 auc-

181 3688 212 3729 8
225 3677 418 3720 ”⁶⁸⁶
471 3676 585 3718 ΨΜ
627 3707 768 3772 tore,
795 3701 1024 3759 subibat
1057 3701 1314 3771 animos3
1357 3720 1701 3778 accensaque
1736 3721 1803 3759 ea
1834 3702 2120 3778 cupiditas

180 3755 306 3853 gaze
308 3744 478 3853 5512?
492 3755 589 3853 :in-d
631 3802 719 3854 est
760 3797 1120 3873 malignitate
1160 3800 1409 3870 patrum,
1434 3796 1551 3871 qui,
1576 3796 1814 3852 devictis
1856 3813 1925 3850 eo
1966 3811 2119 3848 anno
