2459 3967
310 181 440 246 224
824 219 831 228 -
1128 195 1245 238 'rm
1289 201 1412 240 mvr
1895 177 2044 258 [Lm.
2067 182 2242 244 XXI.

308 347 711 392 Hasdrubak-
754 361 927 421 quam
953 341 1208 420 perditas
1236 362 1326 400 res
1357 343 1433 401 ad
1459 342 1670 401 Cissim
1703 344 2021 422 amissaque
2055 351 2248 402 castra
2307 352 2337 402 5

307 415 508 456 Couuter
524 437 541 446 -
560 425 711 457 move-
928 439 940 451 ·
1016 439 1029 451 ·
1690 439 1702 452 -

308 484 459 520 ments
479 481 530 519 0,
542 480 706 531 scipio.
752 445 988 516 accepit,
1012 445 1123 496 iter
1155 439 1229 496 ad
1263 459 1417 497 mare
1450 446 1748 498 convertlt.
1834 439 2010 498 Haud
2036 441 2246 518 procul

306 545 575 588 -subdnes
606 547 708 588 the
748 534 1069 594 Tarracone
1110 535 1374 594 classicos
1407 535 1624 594 milites
1660 536 1999 614 navalesque
2031 537 2243 608 socios,

306 612 542 664 Ilergetes,
574 625 619 655 w
632 614 663 654 ¹²
678 625 707 655 ⁰
748 651 926 706 vagos
953 631 1323 709 palantesque
1350 651 1454 709 per
1480 651 1664 710 agrOS,
1686 632 1842 710 quod
1862 632 2044 690 ferme
2064 631 2148 705 fit,
2174 640 2248 692 ut
2415 675 2426 714 t

306 679 408 787 ξζῗι
428 679 709 799 τίῗιζῗξὲἰῖίὲ
750 728 1015 786 secundae
1038 747 1125 786 res
1148 728 1568 806 neglegentiam
1589 735 1797 801 creent,
1815 729 2006 806 equite
2024 730 2244 807 passim

305 813 709 924 3ξὲἓέᾟᾷῧῖῙὲἶὲ
749 824 987 882 dimisso
1008 844 1142 882 cum
1158 844 1372 903 magna
1387 824 1560 896 caede,
1575 825 1795 902 majore
1812 825 1955 902 fuga
1973 825 2048 883 ad
2065 845 2246 885 naves
2267 829 2340 883 10
2424 869 2425 896 3

304 949 541 999 Ausetani,
576 960 617 990 w
632 949 663 989 h
677 960 707 990 o
748 921 1059 1000 compellit.
1149 921 1273 980 Nec
1311 921 1530 979 diutius
1567 921 1718 979 circa
1757 941 1826 979 ea
1860 920 1987 980 loca
2025 924 2247 980 morari
2424 909 2425 918 ¹

302 1015 394 1058 ¹¹²⁶
416 1015 515 1058 ⁸¹⁸0
540 1015 707 1058 revolt-
746 1037 934 1090 ausuS,
959 1037 1030 1075 ne
1063 1017 1135 1076 ab
1164 1017 1436 1096 Scipione
1469 1018 1905 1096 opprimeretur,
1929 1025 2086 1077 trans
2113 1018 2248 1078 Ibe-

303 1083 377 1126 ed.
746 1134 875 1173 rum
905 1133 1026 1173 sese
1052 1115 1286 1192 recepit.
1358 1115 1436 1172 Et
1451 1113 1666 1192 Scipio,
1685 1115 1898 1192 raptim
1925 1115 1999 1172 ad
2019 1115 2246 1176 famam

303 1232 585 1272 novorum
626 1213 884 1270 hostium
934 1211 1165 1289 agmine
1214 1217 1364 1283 acto,
1396 1230 1528 1269 cum
1570 1211 1632 1268 in
1673 1230 1888 1289 paucos
1927 1211 2246 1289 praefectos
2415 1233 2426 1297 4

303 1311 537 1368 navium
564 1308 1078 1380 animadvertisset,
1103 1309 1376 1386 praesidio
1405 1307 1726 1366 Tarracone
1757 1308 1988 1366 modico
2016 1309 2240 1383 relicto,
2265 1315 2337 1367 15
2419 1311 2426 1320 ‘

302 1406 607 1484 Emporias
638 1425 771 1463 cum
806 1404 980 1463 classe
1012 1405 1201 1464 rediit.
1288 1404 1548 1464 Vixdum
1576 1405 1834 1483 digresso
1869 1425 1956 1478 eo,
1980 1405 2246 1466 Hasdru-

300 1502 395 1560 bal
424 1502 647 1575 aderat3
688 1509 763 1574 et,
788 1501 1100 1580 Ilergetum
1128 1501 1366 1580 popule,
1393 1503 1492 1580 qui
1521 1502 1750 1561 obsides
1779 1501 2041 1580 Scipioni
2069 1502 2246 1562 dede-

300 1606 405 1673 rat,
430 1598 504 1658 ad
531 1599 919 1658 defectionem
954 1599 1221 1677 impulse,
1247 1619 1380 1657 cum
1415 1618 1612 1659 eorum
1647 1601 1906 1678 ipsorum
1933 1600 2246 1678 juventute

300 1715 469 1776 agros
512 1695 770 1755 fidelium
816 1695 1095 1754 Romanis
1144 1696 1433 1754 sociorum
1482 1703 1683 1756 vastat.
1767 1697 1974 1756 Excito
2023 1697 2244 1758 deinde

300 1793 571 1873 Scipione
618 1793 889 1865 hibernis,
930 1791 1156 1851 hostico
1212 1793 1296 1850 cis
1345 1792 1574 1852 Iberum
1630 1813 1824 1852 rursus
1871 1795 2028 1853 cedit
2075 1815 2237 1873 agro.
2262 1802 2336 1856 20
2423 1825 2426 1852 ι

300 1891 514 1971 Scipio,
550 1891 807 1951 relictam
854 1889 926 1948 ab
970 1895 1203 1948 auctore
1251 1889 1596 1948 defectionis
1640 1889 1954 1968 Ilergetum
1997 1899 2242 1970 gentem

298 2007 431 2046 cum
472 1989 687 2048 infesto
728 1987 981 2046 exercitu
1020 1986 1335 2058 invasisset,
1367 1986 1680 2065 compulsis
1719 1987 1988 2045 omnibus
2019 1987 2242 2046 Atana-

298 2093 467 2164 grum
495 2086 713 2158 urbem,
734 2104 863 2163 quae
892 2090 1067 2162 caput
1094 2083 1219 2160 ejus
1248 2083 1450 2162 populi
1478 2090 1614 2156 erat,
1639 2083 2033 2158 circumsedit3
2063 2085 2241 2142 intra-

300 2201 412 2260 que
456 2183 579 2241 dies
622 2202 852 2260 paucos,
887 2181 1148 2259 pluribus
1190 2200 1360 2258 quam
1405 2187 1538 2238 ante
1581 2180 1878 2240 obsidibus
1917 2181 2232 2258 imperatis,

299 2279 572 2356 Ilergetes
594 2271 838 2357 pecunia
864 2279 1037 2336 etiam
1068 2278 1344 2336 multatos
1373 2278 1434 2336 in
1453 2277 1548 2354 jus
1569 2278 1970 2356 dicionemque
1997 2279 2229 2357 recepit.
2257 2286 2337 2338 25

299 2375 443 2434 Inde
478 2376 539 2433 in
568 2377 897 2435 Ausetanos
923 2395 1105 2454 prope
1136 2375 1388 2447 Iberum,
1413 2376 1599 2434 socios
1627 2383 1686 2436 et
1710 2376 1870 2455 ipsos
1897 2376 2230 2451 Poenorum,

298 2471 599 2551 procedit3
656 2479 845 2550 atque,
882 2471 1023 2531 urbe
1072 2492 1274 2531 eorum
1317 2473 1562 2544 obsessa,
1593 2472 1908 2531 Lacetanos
1954 2473 2233 2532 auxilium

297 2568 561 2627 finitimis
594 2569 845 2626 ferentes
878 2576 1065 2642 nocte,
1095 2569 1254 2628 haud
1285 2569 1486 2646 procul
1513 2569 1634 2646 jam
1666 2569 1824 2643 urbe,
1855 2589 1986 2628 cum
2019 2571 2235 2629 intrare
2423 2633 2425 2638 ,

298 2665 525 2738 vellent,
562 2665 788 2743 excepit
822 2665 1069 2726 insidiis.
1156 2665 1322 2724 Caesa
1363 2666 1438 2724 ad
1477 2667 1785 2725 duodecim
1824 2667 2022 2739 milia3
2074 2667 2236 2726 exuti
2421 2649 2426 2778 Ῑ

297 2781 480 2840 prope
518 2781 721 2820 omnes
754 2761 929 2819 armis
969 2763 1176 2822 domos
1216 2763 1429 2840 passim
1471 2763 1730 2841 palantes
1769 2781 1874 2840 per
1913 2782 2080 2840 agros
2121 2763 2236 2821 dis·
2257 2770 2334 2821 30
2423 2779 2425 2820 1

297 2861 515 2938 fugere.
581 2859 704 2918 Nec
734 2858 997 2918 obsessos
1024 2860 1136 2918 alia
1161 2859 1280 2917 ulla
1303 2879 1395 2918 res
1424 2879 1595 2937 quam
1623 2860 1822 2938 iniqua
1849 2861 2236 2938 oppugnanti-

296 2959 405 3017 bus
436 2958 624 3016 hiems
656 2956 967 3015 tutabatur.
1052 2957 1318 3032 Triginta
1358 2956 1482 3015 dies
1523 2957 1751 3014 obsidio
1788 2957 1920 3028 fuit,
1950 2976 2054 3034 per
2087 2976 2234 3034 quos

296 3077 425 3116 raro
452 3075 728 3134 umquam
756 3055 856 3112 nix
876 3055 1069 3111 minus
1099 3060 1371 3130 quattuor
1396 3053 1573 3131 pedes
1601 3053 1716 3110 alta
1734 3052 1944 3129 jacuit3
1973 3052 2234 3131 adeoque

296 3154 525 3231 pluteos
552 3173 617 3211 ac
651 3153 845 3210 vineas
874 3150 1270 3209 Romanorum
1305 3156 1623 3228 operuerat,
1647 3156 1716 3208 ut
1743 3169 1810 3208 ea
1835 3149 1972 3221 sola,
1996 3150 2232 3226 ignibus

298 3246 643 3326 aliquotiens
692 3248 969 3324 conjectis
1024 3247 1097 3305 ab
1145 3246 1330 3320 hoste,
1367 3247 1542 3305 etiam
1599 3253 1991 3307 tutamentum
2034 3246 2228 3305 fuerit.
2253 3255 2324 3306 35

298 3343 620 3414 Postremo,
652 3363 782 3400 cum
817 3343 1128 3402 Amusicus
1161 3343 1430 3421 princeps
1464 3363 1662 3401 eorum
1700 3342 1775 3400 ad
1807 3341 2232 3401 Hasdrubalem

298 3435 667 3510 profugisset,
692 3439 901 3514 viginti
934 3441 1157 3516 argenti
1188 3440 1424 3498 talentis
1449 3441 1609 3517 pacti
1641 3439 1950 3499 deduntur.
2034 3438 2233 3498 Tarra·-

297 3545 505 3584 conem
534 3527 595 3583 in
621 3529 861 3589 hiberna
886 3534 1138 3593 reditum
1166 3542 1270 3594 est.
