2459 3967
287 241 415 303 256
1116 257 1229 295 τιτι
1275 257 1400 296 mvx
1839 235 1992 314 [Lm.
2015 241 2227 300 XXII.

286 405 582 478 tamquam
622 405 779 458 trans
820 399 1049 458 Iberum
1093 420 1230 477 agro
1273 401 1473 458 Poenis
1519 421 1853 459 concessum
1897 403 1988 474 sit,
2021 403 2125 460 sed
2167 411 2236 460 et

287 497 649 574 Campanum
705 496 1096 575 Calenumque
1152 506 1212 556 et
1261 498 1562 556 Falernum
1617 519 1819 576 agrum
1867 507 2235 577 pervastatos

288 614 425 667 esse,
450 594 681 652 sedente
711 593 950 652 Casilini
984 595 1264 652 dictatore
1299 603 1358 652 et
1384 594 1708 673 legionibus
1741 597 1944 674 populi
1973 597 2234 675 Romani

288 710 489 769 agrum
546 711 715 748 suum
763 698 1004 750 tutante.
1104 691 1435 750 Exercitum
1485 694 1812 770 cupientem
1857 713 2120 770 pugnare
2169 701 2235 752 et

286 789 626 865 magistrum
670 789 931 866 equitum
978 789 1201 846 clausos
1249 807 1430 866 prope
1478 789 1630 846 intra
1669 789 1881 846 vallum
1930 797 2191 848 retentos
2213 809 2230 864 ς
2254 798 2338 848 25

287 891 583 962 tamquam
639 885 903 943 hostibus
958 885 1200 962 captivis
1251 903 1410 942 arma
1462 885 1748 963 adempta.
1832 886 2114 960 Tandem,
2159 894 2236 945 ut

288 982 619 1041 abscesserit
646 982 781 1040 inde
808 982 1071 1053 dictator,
1096 987 1161 1039 ut
1191 980 1490 1040 obsidione
1517 982 1804 1055 liberatoS,
1825 990 1986 1040 extra
2013 983 2234 1041 vallum

288 1099 544 1156 egressos
572 1080 791 1137 fudisse
820 1099 883 1136 ac
910 1079 1143 1156 fugasse
1170 1079 1382 1138 hostes.
1459 1079 1615 1148 Quas
1643 1079 1717 1138 ob
1745 1081 1926 1153 reS,-si
1953 1081 2234 1158 antiquus

288 1177 512 1233 animus
545 1176 701 1253 plebi
730 1176 1008 1234 Romanae
1042 1184 1207 1248 esset,
1239 1176 1531 1234 audaciter
1563 1197 1623 1235 se
1657 1177 1905 1236 laturum
1938 1178 2122 1236 fuisse
2153 1179 2232 1236 de

288 1272 619 1349 abrogando
670 1272 737 1341 Q„
770 1272 933 1330 Fabii
980 1274 1264 1351 imperio:
1321 1293 1476 1332 nunc
1523 1275 1812 1332 modicam
1861 1275 2226 1352 rogationem
2253 1284 2338 1336 30

287 1369 785 1446 promulgaturum
820 1369 893 1427 de
928 1371 1211 1448 aequando
1245 1371 1506 1448 magistri
1540 1372 1799 1449 equitum
1833 1379 1894 1430 et
1925 1373 2234 1430 dictatoris

288 1465 432 1541 jure.
503 1465 625 1522 Nec
653 1473 847 1523 tamen
876 1486 948 1524 ne
976 1467 1059 1524 ita
1087 1467 1321 1544 quidem
1350 1469 1510 1544 prius
1539 1468 1886 1526 mittendum
1915 1469 1991 1526 ad
2017 1472 2232 1528 exerci-

287 1568 411 1619 tum
444 1561 511 1630 Q„
538 1562 796 1636 Fabium,
821 1583 989 1641 quam
1027 1564 1320 1622 consulem
1353 1564 1415 1622 in
1449 1565 1640 1623 locum
1667 1565 1733 1623 C.
1755 1565 2022 1624 Flaminii
2056 1569 2231 1626 suffe-

288 1661 472 1719 cisset.
555 1661 824 1720 Dictator
851 1663 1216 1720 contionibus
1246 1681 1305 1720 se
1333 1663 1613 1721 abstinuit
1639 1664 1700 1722 in
1729 1665 1955 1722 actione
1982 1665 2229 1725 minime

287 1759 595 1838 popularis.
681 1759 739 1816 N
740 1779 771 1817 e
798 1760 859 1816 in
894 1766 1093 1818 senatu
1124 1760 1359 1837 quidem
1393 1762 1531 1818 satis
1561 1763 1742 1840 aequis
1769 1762 2001 1820 auribus
2034 1764 2230 1823 audie-
2251 1775 2334 1826 35

287 1857 457 1915 batur
489 1865 644 1929 tunc,
676 1877 807 1915 cum
838 1857 1065 1914 hostem
1099 1857 1288 1914 verbis
1327 1858 1639 1932 extolleret,
1670 1859 2002 1938 bienniique
2036 1860 2231 1920 clades

287 1974 391 2031 per
416 1955 801 2012 temeritatem
830 1961 1003 2032 atque
1030 1954 1390 2014 inscientiam
1421 1954 1633 2013 ducum
1663 1964 1923 2034 acceptas
1951 1958 2227 2032 referret3

286 2053 677 2129 magistroque
712 2051 987 2128 equitum,
1020 2051 1177 2128 quod
1210 2058 1410 2109 contra
1436 2052 1656 2110 dictum
1691 2073 1857 2111 suum
1892 2063 2225 2133 pugnasset,

287 2150 567 2206 rationem
604 2150 817 2206 diceret
854 2149 1203 2207 reddendam
1239 2169 1374 2207 esse.
1461 2149 1523 2207 Si
1556 2171 1732 2228 penes
1767 2171 1824 2210 se
1857 2172 2084 2211 summa
2120 2154 2232 2214 im-

290 2246 436 2320 perii
466 2246 803 2323 consiliique
828 2247 927 2317 -sit,
952 2264 1133 2324 prope
1163 2245 1315 2303 diem
1353 2246 1708 2320 effecturum,
1733 2255 1799 2306 ut
1832 2249 2013 2307 sciant
2040 2249 2230 2308 homi-
2247 2259 2337 2313 40

288 2360 405 2412 neS,
430 2341 585 2398 bono
619 2344 963 2420 imperatore
996 2343 1153 2400 haud
1194 2344 1391 2421 magni
1424 2345 1719 2402 fortunam
1761 2347 2043 2404 momenti
2083 2367 2224 2421 esse,

289 2445 542 2494 mentem
572 2440 967 2516 rationemque
996 2439 1282 2497 dominari
1307 2459 1319 2498 :
1365 2447 1422 2498 et
1449 2441 1509 2499 in
1538 2448 1798 2520 tempore
1827 2451 1886 2501 et
1913 2443 2034 2501 sine
2061 2445 2229 2522 igno-

288 2535 469 2591 minia
512 2555 757 2593 servasse
800 2537 1109 2593 exercitum
1156 2557 1328 2616 quam
1369 2538 1554 2597 multa
1592 2540 1754 2598 milia
1785 2540 2040 2602 hostium
2079 2544 2229 2600 occi-

290 2631 441 2688 disse
470 2629 749 2708 majorem
771 2632 1013 2709 gloriam
1044 2653 1179 2692 esse.
1251 2633 1446 2712 Hujus
1474 2637 1698 2712 generis
1727 2637 2078 2695 orationibus
2108 2640 2228 2697 fru-

291 2734 409 2784 stra
441 2727 655 2784 habitis
690 2734 747 2785 et
781 2729 1013 2786 consule
1052 2737 1242 2788 creato
1277 2731 1354 2789 M.
1377 2731 1562 2789 Atilio
1594 2731 1836 2810 ReguIO,
1865 2753 1939 2791 ne
1971 2753 2226 2812 praesens
2245 2741 2331 2794 45
2432 2807 2433 2816 ἵ

292 2826 363 2882 de
396 2826 521 2903 jure
564 2819 792 2906 imperii
826 2825 1140 2900 dimicaret,
1172 2827 1358 2905 pridie
1402 2847 1573 2906 quam
1615 2831 1932 2906 rogationis
1967 2831 2224 2890 ferendae
2432 2817 2433 2824 ἵ

292 2924 415 2981 dies
444 2924 683 2995 adesset,
709 2930 879 2980 nocte
912 2923 985 2981 ad
1014 2925 1326 2982 exercitum
1361 2925 1518 2982 abiit.
1604 2925 1756 2984 Luce
1785 2933 1925 2999 orta,
1950 2947 2080 2984 cum
2110 2928 2228 3005 ple·

291 3021 381 3078 bis
411 3021 717 3079 concilium
757 3027 921 3093 esset,
945 3021 1131 3098 magis
1164 3022 1344 3079 tacita
1374 3022 1593 3079 invidia
1625 3022 1921 3081 dictatoris
1947 3024 2226 3101 favorque

291 3117 553 3195 magistri
583 3118 841 3194 equitum
872 3118 1095 3175 animos
1124 3118 1399 3190 versabat,
1430 3138 1604 3196 quam
1643 3119 1778 3176 satis
1811 3119 2098 3178 audebant
2124 3121 2228 3179 ho-

292 3215 476 3270 mines
510 3215 581 3271 ad
618 3215 995 3285 suadendum,
1029 3214 1186 3292 quod
1219 3215 1393 3292 vulgo
1427 3215 1690 3293 placebat
1721 3217 1988 3294 prodire;
2039 3225 2114 3290 et,
2143 3218 2226 3276 fa·
2245 3228 2324 3280 50

295 3325 427 3361 vore
478 3317 797 3382 superante,
835 3311 1145 3367 auctoritas
1185 3317 1380 3368 tamen
1425 3312 1712 3388 rogationi
1762 3313 1970 3371 deerat.
2055 3313 2226 3372 Unus

294 3398 559 3454 inventus
589 3410 674 3459 est
704 3424 899 3461 suasor
924 3405 1067 3482 legis
1095 3405 1159 3463 C.
1184 3407 1484 3464 Terentius
1502 3407 1705 3479 Varr0,
1731 3410 1830 3487 qui
1858 3410 2046 3486 priore
2074 3430 2224 3470 anno

295 3497 510 3561 praetor
536 3493 739 3566 fuerat,
764 3499 891 3555 loco
926 3519 1042 3557 non
1076 3501 1284 3558 humili
1319 3502 1504 3559 solum
1540 3504 1642 3560 sed
1675 3506 1848 3563 etiam
1879 3507 2110 3564 sordido
2141 3528 2227 3566 or·

296 3588 405 3635 tuS.
490 3581 718 3642 Patrem
749 3589 964 3649 lanium
992 3595 1170 3653 fuisse
1197 3597 1408 3668 ferunt,
1429 3599 1619 3674 ipsum
1650 3600 1973 3658 institorem
2001 3605 2221 3677 mercis,

296 3672 529 3750 filioque
557 3675 667 3732 hoc
695 3680 821 3760 ipso
850 3685 908 3748 in
939 3691 1161 3746 servilia
1187 3691 1313 3768 ejus
1340 3695 1478 3750 artis
1503 3694 1822 3754 ministeria
1847 3717 2032 3756 usum.
2243 3707 2316 3774 55
