2459 3967
206 180 353 237 CAP.
379 175 559 255 LIV.]
783 195 861 235 AB
905 198 1061 236 uana
1107 199 1370 238 connrrA
1416 201 1590 240 Luam.
2015 183 2140 245 285

36 401 44 411 .
124 405 139 416 .
206 359 344 398 esse.
432 339 632 416 Pergit
660 339 741 396 ire
771 339 1141 417 sequentibus
1168 342 1368 418 paucis
1395 342 1456 400 in
1483 342 1799 421 hospitium
1827 343 2060 414 Metelli,
2085 349 2144 401 et

204 457 339 494 cum
369 435 679 495 concilium
707 436 793 494 ibi
816 436 1095 514 juvenum
1125 438 1196 496 de
1226 439 1436 516 quibus
1463 439 1718 498 adlatum
1755 447 1875 499 erat
1902 441 2146 499 invenis-

204 541 313 604 set,
347 534 546 591 stricto
581 552 753 609 super
778 534 969 611 capita
1000 535 1448 594 consultantium
1479 537 1674 614 gladio
1706 537 1846 596 “Ex
1880 538 1996 596 mei
2029 538 2147 596 ani-

19 627 81 703 'f'
118 631 125 636 ’
204 632 291 687 mi
320 630 649 688 sententia’'
682 631 873 709 inquit
903 631 1019 690 “ut
1046 651 1156 710 ego
1189 652 1311 690 rem
1340 632 1631 710 publicam
1661 635 1869 712 populi
1897 635 2146 693 Romani
2167 638 2241 690 25

18 717 99 750 .......

205 747 329 784 non
358 728 631 799 deseram,
654 748 839 806 neque
873 729 1050 787 alium
1084 729 1270 788 civem
1298 730 1625 790 Romanum
1656 731 1912 790 deserere
1940 733 2140 810 patiar.

206 825 271 882 Si
302 825 485 882 sciens
514 823 672 897 fallo,
696 833 822 884 tum
856 845 965 899 me,
988 827 1219 904 Jupiter
1245 827 1484 906 Optime
1507 827 1774 900 Maxime,
1796 829 2034 887 domum
2063 830 2146 886 fa-

205 921 429 979 miliam
458 941 693 1000 remque
719 942 908 982 meam
938 925 1189 1002 pessimo
1222 925 1342 983 leto
1369 924 1616 983 adficias·
1702 925 1772 983 In
1800 926 1926 984 haec
1955 926 2142 998 verba,

207 1019 271 1076 L.
294 1018 510 1091 Caecili,
539 1019 693 1096 jures
734 1020 983 1098 postule,
1014 1022 1302 1100 ceterique
1337 1023 1438 1101 qui
1479 1021 1723 1080 adestis:
1769 1023 1871 1100 qui
1910 1042 2028 1080 non
2061 1023 2148 1098 ju-

206 1116 434 1187 raverit,
465 1117 526 1173 in
560 1135 619 1174 se
646 1117 799 1175 hunc
826 1118 1085 1196 gladium
1120 1120 1382 1178 strictum
1419 1139 1539 1178 esse
1573 1119 1770 1178 sciat.”
1854 1121 2034 1178 Haud
2067 1140 2148 1178 se-
2167 1124 2243 1176 30
2313 1173 2320 1176 ,

205 1233 311 1270 cus
345 1205 555 1290 pavidi,
588 1233 760 1291 quam
794 1215 843 1272 si
876 1216 1153 1275 victorem
1187 1215 1574 1276 Hannibalem
1609 1224 1920 1290 cernerent,
1953 1217 2148 1295 jurant

206 1330 413 1368 omnes
442 1311 962 1392 custodiendosque
992 1322 1173 1372 semet
1202 1315 1362 1392 ipsos
1389 1314 1650 1392 Scipioni
1678 1316 1930 1375 tradunt.

1104 1490 1260 1551 LIV.

258 1607 303 1648 A
332 1607 457 1658 large
490 1607 614 1659 body
737 1601 825 1661 Eo
874 1611 1151 1682 tempore,
1189 1624 1306 1682 quo
1352 1604 1480 1662 haec
1528 1605 1766 1664 Canusii
1813 1606 2145 1684 agebantur,

204 1673 461 1714 o-ffootand
474 1674 605 1715 horse
869 1701 880 1712 .
1955 1704 1966 1716 .
1998 1705 2010 1717 .

206 1742 319 1782 who
365 1741 459 1782 had
502 1708 620 1782 been’
665 1698 977 1758 Venusiam
1022 1701 1097 1758 ad
1130 1701 1423 1760 consulem
1467 1702 1542 1760 ad
1577 1709 1849 1779 quattuor
1888 1704 2050 1762 milia
2089 1712 2150 1762 et

206 1807 450 1858 disper-sed
509 1819 617 1849 over
660 1797 960 1874 quingenti
1002 1798 1227 1876 pedites
1269 1800 1617 1876 equitesque,
1651 1800 1750 1876 qui
1793 1801 1974 1876 sparsi
2007 1800 2150 1877 fuga

207 1875 291 1982 {32
329 1875 617 1992 ἔῗέἆιῖοξ
656 1911 761 1970 per
788 1913 954 1970 agros
982 1896 1226 1966 fuerant,
1253 1915 1574 1972 pervenere.
1660 1895 1778 1952 Eos
1807 1915 2008 1952 omnes
2036 1896 2149 1954 Ve-

208 2009 395 2058 cannae,
418 2018 545 2050 come
567 2012 617 2050 to
657 1990 847 2047 nusini
876 2010 979 2068 per
1005 1991 1254 2048 familias
1281 1991 1530 2067 benigne
1559 1991 1925 2068 accipiendos
1952 2011 2150 2050 curan·
2209 2001 2244 2052 5

207 2072 623 2179 ζξθᾷἰῃιῗὲζξῗῗ
667 2085 883 2164 dosque
913 2105 1041 2144 cum
1074 2087 1416 2159 divisissent,
1437 2088 1495 2144 in
1529 2088 1786 2165 singulos
1815 2089 2038 2166 equites
2064 2095 2151 2147 to-

207 2203 449 2245 Kindness
460 2205 619 2245 shown
661 2201 763 2260 gas
797 2191 855 2242 et
881 2184 1103 2242 tunicas
1136 2192 1195 2242 et
1230 2184 1601 2262 quadrigatos
1635 2204 1905 2242 nummos
1941 2186 2148 2263 quinos

208 2269 621 2377 ἑᾞὲἰῗᾟίινιῖ
661 2279 907 2350 vicenos,
940 2286 999 2338 et
1038 2281 1223 2357 pediti
1267 2282 1463 2353 denoS‚
1495 2290 1554 2340 et
1596 2301 1769 2353 arma,
1803 2281 2012 2360 quibus
2054 2283 2148 2340 de-

209 2400 341 2442 leads
370 2366 451 2441 'his
478 2399 623 2442 forces
664 2381 841 2447 erant,
872 2375 1169 2435 dederunt.
1256 2377 1573 2456 Ceteraque
1608 2378 1835 2456 publice
1869 2399 1934 2437 ac
1968 2380 2152 2457 priva-

210 2461 623 2576 ξιζᾱὲῗῐῖξὲἷέηῐὲ
666 2473 774 2531 tim
807 2472 1169 2551 hospitaliter
1204 2473 1374 2546 facta,
1407 2483 1816 2553 certatumque,
1849 2497 1920 2534 ne
1963 2497 1996 2534 a
2028 2497 2150 2535 mu-
2171 2483 2242 2536 10

212 2595 315 2636 tion
374 2594 488 2636 wm,
542 2595 620 2636 the
661 2570 798 2629 liere
827 2570 1117 2628 Canusina
1149 2571 1399 2648 populus
1428 2572 1760 2630 Venusinus
1795 2573 1996 2630 officiis
2029 2575 2149 2631 vin-

212 2665 375 2714 troops
436 2662 619 2738 ⁸³5⁸&
661 2675 895 2726 ceretur.
982 2667 1098 2726 Sed
1145 2668 1374 2746 gravius
1424 2688 1570 2727 onus
1609 2667 1784 2726 Busae
1831 2670 2147 2729 multitudo

212 2727 620 2835 ἓέιῗᾷᾮῖἓὲιὲιὲἷ
659 2764 925 2836 faciebat,
944 2771 1000 2822 et
1021 2764 1139 2842 jam
1160 2766 1235 2823 ad
1253 2766 1448 2823 decem
1469 2767 1628 2824 milia
1643 2766 1948 2824 hominum
1969 2775 2144 2828 erant.

213 2861 318 2913 ings
353 2861 406 2902 01'
432 2861 511 2902 the
542 2860 619 2902 de·
659 2861 1001 2939 Appiusque
1024 2868 1081 2920 et
1099 2861 1313 2939 Scipio,
1327 2869 1634 2940 postquam
1653 2864 2002 2922 incolumem
2027 2884 2150 2922 esse

214 2931 477 3048 {ffssffsshg
479 2930 567 3036 {¹12¹
570 2933 619 3038 gt
661 2958 903 3016 alterum
931 2958 1223 3016 consulem
1254 2967 1610 3036 acceperunt,
1635 2961 1907 3018 nuntium
1937 2967 2151 3019 extem·
2172 2968 2242 3021 15

216 3063 383 3105 tione
425 3064 477 3103 or
507 3063 619 3114 Livy
662 3055 757 3132 plo
787 3056 1044 3126 mittunt,
1079 3061 1310 3133 quantae
1341 3074 1534 3113 secum
1567 3055 1833 3132 peditum
1868 3059 2152 3135 equitum-

214 3131 402 3239 {ffdetffi
420 3130 616 3239 ἓξὲξ
659 3171 767 3230 que
797 3152 980 3229 copiae
1010 3158 1215 3226 essent,
1241 3153 1707 3231 sciscitatumque
1736 3153 1923 3226 simul,
1955 3161 2151 3214 utrum

213 3267 350 3308 aster.
658 3249 974 3308 Venusiam
1018 3249 1227 3308 adduci
1271 3250 1586 3307 exercitum
1621 3269 1694 3307 an
1727 3269 1960 3308 manere
1993 3251 2154 3327 jube-

214 3354 302 3406 ret
350 3345 601 3405 Canusii.
687 3346 874 3406 Varro
924 3348 1047 3424 ipse
1097 3346 1413 3404 Canusium
1469 3347 1666 3425 copias
1713 3347 1989 3406 traduxit.
2074 3349 2153 3407 Et

213 3445 333 3521 jam
382 3443 575 3522 aliqua
624 3445 839 3521 species
888 3444 1199 3502 consularis
1249 3444 1530 3504 exercitus
1579 3451 1714 3518 erat,
1749 3445 2152 3524 moenibusque
2171 3455 2243 3506 20

214 3562 273 3600 se
306 3548 461 3600 certe
494 3542 602 3600 etsi
638 3558 756 3600 non
790 3541 979 3613 armiS,
1011 3541 1082 3600 ab
1116 3541 1284 3600 hoste
1312 3541 1657 3600 videbantur
1687 3543 1995 3602 defensuri.

294 3639 547 3698 Romam
589 3659 663 3698 ne
696 3639 800 3698 has
835 3640 1070 3717 quidem
1111 3639 1382 3716 reliquias
1424 3659 1714 3717 superesse
1757 3641 1968 3699 civium
2011 3639 2154 3698 soci-

215 3757 511 3818 orumque,
544 3738 646 3797 sed
686 3737 983 3798 occidione
1034 3737 1286 3795 occisum
1335 3737 1626 3796 consulem
1669 3746 1976 3814 utrumque
2017 3754 2152 3793 cum
