2459 3967
254 224 685 322 CAP.XL1X.1
828 255 903 294 AB
950 255 1105 294 unns:
1152 254 1414 293 coum-ra
1455 254 1628 293 unm.
2066 233 2192 299 279

188 457 212 479 χ
252 399 435 457 etiam
465 399 655 456 sinum
684 398 745 456 in
774 397 967 455 medio
996 397 1173 469 dedit,
1198 395 1334 454 Afri
1361 397 1512 454 circa
1535 396 1656 474 jam
1684 415 1898 455 cornua
1923 395 2194 468 fecerant,

250 494 720 572 irruentibusque
764 493 993 551 incaute
1037 494 1099 550 in
1144 492 1402 550 medium
1447 492 1726 550 Romanis
1773 491 2197 550 circumdedere

254 593 408 664 hlas3
452 611 591 648 mox
629 609 843 648 cornua
882 589 1245 648 extendendo
1289 588 1536 648 clausere
1563 596 1637 670 gt
1673 589 1744 646 ab
1781 597 1946 667 tergo
1984 589 2194 647 hostes.

254 689 420 748 Hinc
471 688 721 746 Romani
778 685 1040 745 defu'ncti
1095 685 1486 763 nequidquam
1536 685 1741 763 proelio
1796 706 1930 757 un0,
1973 687 2200 744 omissis

256 785 443 844 Gallis
488 785 896 862 Hispanisque,
941 803 1186 861 quorum
1238 789 1400 860 terga
1446 782 1784 854 ceciderant,
1827 791 1884 841 et
1931 783 2200 842 adversus
2221 789 2295 842 30

257 883 445 941 Afros
478 883 763 960 integram
796 881 1306 959 pugnamyjneunt,
1331 898 1450 938 non
1481 885 1708 938 tantum
1742 881 1804 937 in
1839 900 1908 938 eo
1941 881 2200 958 iniquam

262 971 649 1058 quod'inclusi
680 978 949 1036 adversus
978 976 1374 1049 circumfusos,
1399 976 1501 1035 sed
1521 976 1696 1035 etiam
1727 977 1882 1055 quod
1903 977 2042 1036 fessi
2070 997 2202 1035 cum

260 1073 589 1136 recentibus
618 1095 683 1134 ac
709 1074 929 1153 vegetis
956 1051 1470 1275 pugname

1095 1253 1373 1314 XLVIII.

316 1375 608 1428 Deseripuon
626 1377 681 1417 of
793 1369 832 1429 J
834 1389 927 1428 am
972 1376 1031 1428 et
1072 1369 1304 1431 sinistro
1347 1389 1526 1428 cornu
1558 1368 1852 1444 RomaniS,
1885 1370 1986 1428 ubi
2028 1369 2206 1429 socio-

265 1444 347 1485 the
384 1443 529 1484 battle
568 1453 674 1484 con·
994 1467 1006 1478 .
1595 1467 1607 1479 .

266 1509 674 1551 fiunem-Strata·
715 1485 842 1524 rum
879 1473 1100 1544 equltes
1133 1466 1404 1524 adversus
1433 1465 1716 1524 Numldas
1750 1473 2041 1540 steterant,
2074 1487 2206 1526 con-

268 1585 377 1626 gem
402 1574 456 1616 or
476 1575 555 1617 the
580 1575 677 1616 Nu·
718 1571 931 1621 sertum
962 1563 1230 1641 proelium
1261 1570 1397 1635 erat,
1423 1581 1594 1640 segne
1623 1564 1814 1640 primo
1843 1570 1902 1622 et
1929 1584 1964 1621 a
1984 1564 2208 1622 Punica

267 1637 672 1746 ῗξὲἶζέζῗιῖἑ
719 1667 976 1738 coeptum
1024 1659 1244 1717 fraude.
1331 1658 1647 1736 Quingenti
1689 1660 1870 1718 ferme
1913 1660 1971 1717 N
1973 1661 2203 1732 umidae,

268 1771 547 1814 Hasdrubal.
719 1764 929 1834 praeter
979 1755 1147 1814 solita
1195 1775 1354 1814 anna
1400 1756 1626 1833 telaque
1669 1755 1894 1833 gladios
1951 1757 2207 1813 occultos
2268 1762 2303 1813 5

267 1855 380 1912 sub
412 1851 603 1912 loricis
635 1853 927 1925 habentes,
960 1854 1147 1932 specie
1180 1853 1609 1930 transfugarum
1648 1871 1780 1910 cum
1819 1851 1890 1910 ab
1925 1853 2058 1923 suis,
2084 1871 2210 1929 par-

269 1971 397 2010 mas
425 1958 559 2030 post
584 1958 748 2030 terga
774 1945 1067 2022 habentes,
1092 1951 1536 2028 adequitassent‚
1560 1955 1794 2026 repente
1829 1969 1898 2007 ex
1927 1950 2087 2026 equis
2117 1949 2210 2006 de-

270 2048 489 2120 siliunt,
513 2049 841 2127 parmisque
870 2056 928 2107 et
954 2047 1156 2125 jaculis
1184 2054 1318 2105 ante
1346 2046 1522 2124 pedes
1548 2045 1804 2104 hostium
1834 2046 2124 2128 projectis,
2149 2046 2211 2103 in

268 2145 527 2204 mediam
578 2140 757 2204 aciem
809 2145 1030 2222 accepti
1071 2144 1346 2221 ductique
1396 2144 1471 2201 ad
1510 2143 1748 2202 ultimos
1795 2144 2090 2202 considere
2139 2143 2210 2202 ab

270 2251 439 2320 tergo
474 2241 761 2319 jubentur.
847 2242 953 2313 Ac,
986 2241 1123 2299 dum
1154 2240 1422 2320 proelium
1467 2240 1538 2299 ab
1573 2241 1734 2299 omni
1767 2248 1929 2318 parte
1971 2242 2214 2301 conseri-
2234 2247 2309 2300 10

270 2343 389 2411 tur,
411 2339 589 2417 quieti
612 2347 979 2397 manserunt:
1023 2347 1333 2417 postquam
1363 2340 1624 2397 omnium
1653 2340 1876 2397 animos
1906 2341 2213 2418 oculosque

274 2443 653 2515 occupaverat
682 2442 985 2507 certamen,
1010 2442 1154 2507 tum,
1179 2436 1420 2512 arreptis
1449 2437 1641 2508 scutis,
1667 2455 1796 2515 quae
1824 2438 2037 2514 passim
2066 2438 2217 2495 inter

274 2553 509 2592 acervos
537 2552 815 2592 caesorum
852 2552 1155 2610 corporum
1183 2533 1348 2590 humi
1378 2539 1556 2591 strata
1588 2540 1764 2606 erant,
1795 2555 2047 2592 aversam
2084 2535 2218 2592 ado-

274 2632 504 2690 riuntur
536 2631 857 2689 Romanam
893 2631 1091 2702 aciem,
1116 2631 1392 2708 tergaque
1426 2630 1696 2689 ferientes
1730 2651 1794 2689 ac
1826 2633 2078 2710 poplites
2112 2651 2218 2689 cae-

279 2729 482 2788 dentes
517 2735 765 2806 stragem
794 2729 1092 2806 ingentem
1122 2747 1185 2785 ac
1212 2727 1494 2805 majorem
1529 2729 1822 2805 aliquanto
1851 2748 2120 2805 pavorem
2151 2747 2215 2786 ac
2238 2730 2312 2782 15

277 2826 595 2884 tumultum
628 2825 903 2884 fecerunt.
988 2823 1137 2882 Cum
1180 2823 1318 2882 alibi
1351 2817 1534 2882 terr'or
1574 2844 1638 2881 ac
1680 2826 1838 2902 fuga,
1870 2825 2006 2882 alibi
2047 2825 2219 2902 perti-

281 2943 393 2981 nax
420 2923 483 2981 in
511 2923 663 2980 mala
688 2921 808 3000 jam
839 2941 939 3000 spe
967 2921 1238 2999 proelium
1269 2920 1802 2992 esset,·Hasdrubal,
1837 2921 1934 2998 qui
1963 2941 2030 2978 ea
2055 2927 2218 2996 parte

281 3027 542 3099 praeerat,
575 3019 889 3078 subductos
931 3037 1000 3076 ex
1032 3018 1225 3076 media
1258 3018 1377 3076 acie
1412 3016 1710 3088 Numidas,
1744 3035 1857 3093 qua
1897 3017 2087 3093 segnis
2128 3035 2221 3073 eo-

284 3137 584 3180 rum-cum
602 3116 851 3176 adversis
878 3133 1076 3192 pugna
1103 3121 1239 3187 erat,
1272 3115 1347 3172 ad
1374 3112 1800 3193 persequendos
1827 3113 2040 3190 passim
2069 3113 2221 3190 fugi—

284 3222 445 3274 entes
471 3213 673 3285 mittit,
694 3213 989 3290 Hispanos
1017 3218 1075 3270 et
1097 3211 1294 3269 Gallos
1321 3211 1544 3289 equites
1564 3210 1729 3269 Afris
1754 3209 1874 3288 jam
1902 3229 2084 3288 prope
2109 3210 2221 3268 fes·
2239 3215 2314 3267 20

284 3316 362 3372 sis
390 3311 549 3370 caede
575 3311 763 3389 magis
790 3328 962 3389 quam
991 3327 1189 3387 pugna
1215 3307 1498 3386 adjungit.

1146 3485 1363 3544 XLIX.
1535 3351 1668 3519 Χ

336 3609 627 3662 Description
646 3609 700 3651 or
816 3601 989 3659 Parte
1016 3600 1194 3658 altera
1221 3617 1436 3674 pugnae
1465 3598 1697 3672 Paulus,
1729 3618 2073 3678 quamquam
2109 3599 2223 3675 pri-

287 3679 391 3786 {iffa
392 3677 463 3786 31¹}
466 3676 697 3785 ἮθΜζζῐζ
735 3716 836 3755 mo
864 3696 1061 3756 statim
1092 3693 1300 3772 proelio
1333 3693 1518 3750 funda
1549 3695 1800 3771 graviter
1833 3696 1981 3753 ictus
2013 3694 2219 3761 fuerat,

274 3813 471 3854 ,ments
505 3810 569 3852 or
595 3810 695 3851 the
736 3800 931 3853 tamen
960 3799 1019 3850 et
1046 3789 1337 3849 concurrit
1365 3807 1517 3866 saepe
1547 3808 1677 3846 cum
1708 3788 1982 3847 confertis
2003 3784 2224 3842 Hanni-

2344 1721 2416 1734 ψ
