2459 3967
200 204 349 262 CAP.
374 203 620 281 XLVI]
771 221 850 259 AB
893 222 1048 260 unna
1093 221 1359 259 comum
1402 220 1579 258 unm.
2054 194 2139 264 77

200 381 262 411 on
279 371 360 411 the
373 370 612 411 throne·—
654 380 825 439 quam
855 360 1000 418 alius
1027 366 1176 431 ante,
1201 380 1300 417 rex
1329 368 1415 419 est
1443 358 1773 419 declaratus.
1795 377 1824 437 J
1840 358 2043 439 Neque
2072 376 2141 416 ea

201 436 610 547 tchgogffitss-ss}
651 477 740 515 res
771 457 1084 535 Tarquinio
1124 475 1286 533 spem
1324 456 1655 514 adfectandi
1692 458 1854 534 regni
1895 458 2136 515 minuit:

202 566 443 610 nomentio
463 574 612 619 trage—
653 554 834 610 immo
875 572 944 610 eo
985 552 1275 628 impensiu
1350 552 1487 629 quia
1526 552 1599 609 de
1639 571 1778 630 agro
1818 553 2003 631 plebis
2044 554 2140 611 ad·
2160 559 2229 612 10

202 636 280 689 ‘¹7‘
473 682 476 689 -
653 668 816 707 versa
839 655 942 726 pat
1097 647 1393 707 voluntate
1428 655 1677 706 senserat
1704 649 1816 726 agi,
1840 650 2141 707 criminan-

203 745 270 802 di
297 744 486 802 Servii
517 744 675 822 apud
700 752 804 822 pat
920 734 1325 822 crescendique
1356 745 1417 801 in
1452 745 1608 802 curia
1640 744 1749 802 sibi
1782 747 2139 804 occasionem

204 842 406 899 datam
427 848 583 902 ratus
605 862 664 899 es
693 887 707 914 ‚
727 849 786 900 et
806 842 928 919 ipse
951 840 1176 917 juvenis
1204 840 1459 899 ardentis
1485 842 1680 912 animi,
1702 848 1759 900 et
1782 842 1943 900 domi
1962 862 2146 919 uxore

205 938 399 997 Tullia
439 939 765 1016 inquietum
807 939 1064 996 animum
1106 937 1453 995 stimulante.
1538 937 1697 995 Tulit
1737 940 1891 997 enim
1934 947 1993 998 et
2029 928 2209 999 Ross‘

201 1054 384 1093 mana
438 1036 596 1113 regia
651 1036 876 1093 sceleris
929 1035 1133 1113 tragici
1193 1034 1539 1113 exemplum,
1623 1043 1650 1093 t
1708 1036 1887 1094 taedio
1940 1057 2139 1115 regum
2162 1044 2234 1097 15

202 1109 490 1189 ffiffiffir
528 1133 748 1202 veniret
787 1132 1035 1204 libertas,
1067 1132 1453 1210 ultimumque
1495 1152 1557 1189 re
1783 1140 1947 1206 esset,
1984 1135 2143 1212 quod
2134 1126 2258 1209 „L

204 1229 420 1287 scelere
435 1192 711 1306 ⁹¹[ia‘it9uffi
720 1220 916 1311 foi-eills
929 1198 1090 1286 “fflc
1124 1227 1186 1287 L.
1218 1228 1563 1305 Tarquinius
1599 1224 1811 1303 (Prisci
1841 1223 2195 1309 Tarquinii*

203 1325 364 1403 regis
409 1324 561 1382 filius
606 1344 858 1402 neposne
906 1325 1100 1397 fuerit,
1130 1344 1337 1403 parum
1383 1325 1597 1403 liquet3
1640 1325 1899 1403 pluribus
1946 1334 2140 1385 tamen

205 1421 540 1481 auctoribus
565 1420 748 1479 filium
775 1419 1079 1498 ediderim)
1111 1422 1350 1480 fratrem
1376 1421 1652 1480 habuerat
1672 1422 1986 1481 Arruntem
2008 1424 2142 1481 Tar-

205 1519 492 1597 quinium,
522 1518 682 1576 mitis
713 1519 932 1595 ingenii
965 1518 1251 1595 juvenem.
1337 1518 1450 1576 His
1487 1518 1729 1591 duobuS,
1760 1526 1827 1577 ut
1860 1526 1993 1578 ante
2027 1520 2141 1579 dic·
2159 1526 2236 1578 20

203 1623 338 1673 tum
365 1621 468 1686 est,
492 1614 624 1671 duee
645 1613 848 1671 Tulliae
877 1614 1029 1692 regis
1056 1613 1190 1671 filiae
1219 1621 1548 1691 nupserant,
1574 1622 1633 1673 et
1661 1615 1803 1693 ipsae
1829 1615 2001 1693 longe
2030 1616 2140 1674 dis-

203 1730 374 1791 pares
400 1710 672 1770 moribus
757 1712 927 1769 Forte
954 1711 1038 1770 ita
1065 1712 1359 1783 inciderat,
1384 1730 1457 1771 ne
1485 1712 1603 1771 duo
1630 1712 1884 1770 violenta
1910 1714 2141 1791 ingenia

205 1808 578 1865 matrimonio
606 1807 994 1885 jungerentur,
1019 1808 1271 1880 fortuna,
1296 1808 1483 1880 cred0,
1508 1808 1711 1886 populi
1738 1808 2003 1881 Romani,
2026 1828 2141 1887 quo

205 1905 537 1963 diuturnius
565 1904 747 1965 Servii
780 1924 1021 1983 regnum
1055 1911 1220 1977 esset,
1248 1903 1635 1982 constituique
1672 1905 1921 1986 civitatis
1952 1924 2141 1963 mores

203 2008 459 2082 possent.
555 2001 898 2080 Augebatur
944 2002 1110 2060 ferox
1158 2002 1349 2059 Tullia
1401 2000 1549 2059 nihil
1597 2001 1853 2066 matellae
1908 2002 1969 2059 in
2016 2002 2141 2061 viro
2159 2009 2235 2063 25

205 2118 396 2177 neque
442 2098 518 2159 ad
563 2100 938 2177 cupiditatem
989 2118 1176 2177 neque
1224 2099 1299 2157 ad
1346 2097 1647 2157 audaciam
1691 2117 1850 2157 esse:
1906 2106 2033 2158 tota
2078 2102 2138 2159 in

205 2198 452 2255 alterum
489 2216 684 2257 aversa
713 2198 1091 2277 Tarquinium
1133 2217 1265 2257 eum
1308 2199 1519 2272 mirari,
1551 2216 1683 2257 eum
1726 2198 1911 2257 virum
1952 2199 2140 2259 dicere

205 2314 274 2353 ac
323 2294 482 2372 rQio
531 2296 806 2373 sanguine
855 2302 1081 2368 ortum3
1125 2315 1389 2374 spernere
1439 2316 1707 2370 sororem,
1746 2297 1902 2375 quod
1949 2280 2139 2356 viriim

205 2361 378 2449 nacta
401 2390 672 2453 muliebri
703 2400 946 2451 cessaret
979 2393 1230 2451 audacia.
1317 2393 1623 2453 Contrahit
1656 2394 1914 2452 celeriter
1945 2394 2141 2452 simili-

204 2487 352 2546 tudo
392 2507 506 2561 eOS,
538 2494 604 2546 ut
635 2489 756 2547 fere
793 2488 862 2546 fit
893 2490 1110 2547 malum
1143 2490 1298 2548 malo
1333 2491 1692 2567 aptissimum
1715 2509 1729 2548 τ
1773 2490 1874 2548 sed
1906 2491 2138 2548 initium
2159 2496 2233 2549 30

106 2646 112 2651 ,
204 2584 480 2643 turbandi
508 2585 702 2643 omnia
729 2605 763 2643 a
789 2586 1009 2643 femina
1038 2592 1228 2644 ortum
1258 2594 1361 2645 est.
1446 2588 1533 2646 Ea
1564 2587 1794 2646 secretis
1826 2587 1934 2644 viri
1967 2588 2138 2645 alieni

203 2680 539 2739 adsuefacta
571 2680 943 2753 sermonibus,
968 2682 1141 2739 nullis
1174 2682 1476 2740 verborum
1513 2682 1877 2741 contumeliis
1909 2700 2138 2759 parcere

203 2778 280 2836 de
307 2778 431 2835 viro
459 2779 533 2835 ad
559 2778 812 2850 fratrem,
835 2779 908 2837 de
937 2798 1128 2836 sorore
1157 2778 1232 2835 ad
1252 2779 1466 2850 virum3
1502 2786 1561 2835 et
1588 2800 1647 2837 se
1674 2780 1883 2838 rectius
1904 2780 2137 2837 viduam

201 2882 264 2933 et
292 2874 456 2932 illum
485 2874 741 2932 caelibem
769 2875 1030 2933 futurum
1064 2875 1244 2933 fuisse
1280 2874 1641 2947 contendere,
1667 2894 1839 2953 quam
1873 2895 2006 2933 cum
2033 2876 2139 2932 im-

201 2972 330 3050 pari
356 2971 540 3049 jungi,
564 2978 632 3029 ut
659 2972 1172 3050 elanguescendum
1203 2972 1388 3029 aliena
1420 2971 1649 3048 ignavia
1680 2978 1843 3029 esset.
1928 2972 1993 3028 Si
2026 2972 2135 3029 sibi
2156 2979 2231 3031 35

201 3088 354 3155 eum,
387 3088 505 3147 quo
545 3068 722 3145 digna
761 3076 925 3141 esset,
956 3070 1040 3127 dii
1083 3069 1377 3127 dedissent
1418 3052 1641 3153 virumJ
1651 3066 1813 3124 domi
1855 3086 1913 3124 se
1954 3085 2135 3143 prope

201 3165 360 3223 diem
408 3157 658 3223 visuram
714 3180 954 3242 regnum
1011 3160 1235 3254 fuissess
1248 3164 1405 3243 quod
1453 3163 1608 3242 apud
1655 3168 1875 3240 patrem
1926 3152 2141 3244 videat}

200 3262 478 3321 Celeriter
504 3261 924 3319 adolescentem
953 3282 1071 3319 suae
1099 3262 1441 3320 temeritatis
1468 3260 1686 3338 implet.
1772 3258 1983 3317 Lucius
2002 3258 2137 3318 Tar-

199 3360 432 3441 quinius
477 3364 538 3417 et
577 3356 769 3415 Tullia
809 3359 1001 3417 minor
1043 3378 1225 3437 prope
1270 3359 1619 3417 continuatis
1661 3357 1960 3416 funeribus
2002 3376 2134 3416 cum

197 3457 404 3515 domos
425 3474 635 3513 vacuas
661 3474 815 3513 novo
843 3455 1214 3514 matrimonio
1243 3456 1529 3529 fecissent,
1552 3455 1875 3533 junguntur
1893 3455 2129 3531 nuptiis,
2151 3460 2227 3515 40

195 3553 382 3631 magis
409 3570 531 3611 non
557 3550 904 3629 prohibente
932 3550 1130 3609 Servio
1160 3569 1335 3629 quam
1361 3552 1733 3630 approbante.
