2459 3967
2419 0 2426 202 ἑ

328 349 529 417 hostia,
560 357 777 428 quanto
812 348 999 426 major
1030 367 1177 425 spes,
1206 346 1398 425 major
1429 353 1516 404 est
1549 347 1778 405 animus
1811 347 2117 406 inferentis
2153 349 2275 406 vim
2425 344 2428 476 Ι

328 466 501 524 quam
536 448 793 504 arcentis,
879 446 1167 503 Accendit
1196 453 1476 522 praeterea
1516 453 1576 502 et
1609 445 1869 502 stimulat
1906 446 2136 502 animos
2175 447 2277 503 do-

328 543 431 614 lor,
462 543 689 620 injuria,
720 543 1051 620 indignitas,
1136 542 1238 599 Ad
1279 541 1626 619 supplicium
1669 542 2137 619 depoposcerunt
2179 563 2274 601 me
2295 552 2361 602 10
2425 577 2427 598 !

328 639 533 698 ducem
563 640 833 717 primum,
858 639 1067 697 deinde
1094 658 1199 695 vos
1226 657 1428 697 omnae
1457 640 1557 716 qui
1585 638 1911 716 Saguntum
1941 658 2276 717 oppugnas-

328 737 502 809 setis3
544 736 775 795 deditos
814 736 1037 794 ultimis
1076 735 1424 794 cruciatibus
1463 736 1748 794 adfecturi
1787 736 2042 794 fuerunt.
2131 737 2277 795 Cru-

327 834 619 892 delissima
644 853 711 892 ac
738 833 1145 911 superbissima
1168 853 1312 910 gens
1345 852 1448 891 sua
1479 834 1678 890 omnia
1703 834 1906 911 suique
1933 833 2164 892 arbitrii
2191 835 2276 892 fa—

328 932 424 990 cit.
508 931 661 990 Cum
694 931 903 1010 quibus
934 930 1168 1002 bellum,
1198 949 1332 988 cum
1365 930 1576 1008 quibus
1608 949 1810 1008 pacem
1843 930 2181 1004 habeamuS,
2213 952 2273 990 se

326 1030 568 1087 modum
596 1031 893 1107 imponere
922 1047 1151 1106 aequum
1180 1034 1412 1086 censet:
1455 1027 1874 1086 circumscribit
1905 1029 2272 1108 includitque
2293 1038 2358 1088 15

328 1147 435 1186 nos
466 1128 727 1185 terminis
758 1125 1046 1184 montium
1078 1125 1516 1203 fluminumque,
1548 1145 1693 1203 quos
1729 1144 1849 1183 non
1883 1126 2269 1198 excedamus;

326 1242 513 1301 neque
558 1243 657 1282 eos
700 1242 845 1301 quos
890 1223 1093 1280 statuit
1134 1222 1414 1280 terminos
1459 1222 1738 1280 observat.
1838 1223 1928 1280 Ne
1973 1225 2272 1282 transieris

328 1319 577 1391 Iberum,
601 1339 673 1378 ne
702 1319 842 1397 quid
870 1323 951 1377 rei
978 1319 1089 1377 tibi
1116 1319 1193 1376 sit
1220 1339 1354 1378 cum
1383 1319 1724 1397 Saguntinis
1747 1320 1760 1378 Ξ
1801 1319 1878 1377 ad
1909 1319 2148 1378 Iberum
2184 1329 2273 1380 est

328 1415 685 1492 Saguntum:
718 1435 1002 1493 nusquam
1028 1423 1089 1474 te
1115 1416 1364 1492 vestigio
1393 1417 1669 1474 moveris!
1745 1416 1961 1474 Parum
1991 1423 2082 1475 est
2109 1419 2272 1496 quod

328 1513 658 1570 veterrimas
696 1514 1021 1590 provincias
1060 1531 1218 1571 meas
1254 1513 1508 1571 Siciliam
1547 1533 1613 1571 ae
1649 1513 1972 1572 Sardiniam
2016 1515 2230 1574 adimis
2251 1518 2270 1574 2
2288 1523 2355 1575 20
2429 1545 2431 1548 ⁴

328 1609 522 1668 Etiam
554 1610 907 1688 Hispanias?
988 1611 1067 1669 Et
1097 1611 1236 1669 inde
1275 1630 1537 1670 cessero:
1576 1612 1638 1668 in
1678 1611 1940 1668 Africam
1977 1607 2272 1671 transcen-
2428 1555 2434 1674 l

327 1709 445 1767 dee.
528 1709 920 1767 Transcendes
960 1715 1155 1767 autem
1194 1709 1372 1767 dico?
1411 1709 1560 1766 duos
1599 1709 1860 1766 consules
1891 1708 2070 1787 hujus
2111 1712 2268 1784 anni,

326 1827 507 1865 unum
549 1807 613 1865 in
644 1807 924 1878 Africam,
956 1806 1198 1865 alterum
1239 1807 1302 1864 in
1337 1806 1682 1884 Hispaniam
1717 1806 2014 1864 miserunt.
2101 1807 2268 1866 Nihil

326 1924 603 1983 umquam
640 1905 808 1962 nobis
844 1903 1108 1961 relictum
1144 1909 1234 1961 est
1269 1903 1384 1960 nisi
1421 1903 1580 1980 quod
1611 1903 1784 1960 armis
1822 1903 2260 1964 vindicaremus,

328 2003 450 2062 Illis
476 2003 699 2061 timidis
728 2010 787 2060 et
814 2003 1039 2080 ignavis
1066 2021 1187 2061 esse
1214 2001 1366 2073 licet,
1387 2002 1486 2079 qui
1513 2008 1836 2078 respectum
1865 2000 2098 2072 habent,
2121 2021 2268 2080 quos
2286 2009 2356 2061 25

328 2119 431 2158 sua
456 2107 621 2172 terra,
642 2119 779 2158 suus
804 2119 941 2177 ager
967 2119 1072 2178 per
1090 2106 1219 2157 tuta
1245 2117 1312 2156 ac
1339 2105 1544 2175 pacata
1569 2098 1778 2156 itinera
1803 2098 2096 2176 fugientes
2123 2100 2268 2157 acci—

325 2198 505 2274 pient.
590 2198 779 2256 Vobis
804 2215 1033 2254 necesse
1061 2203 1149 2254 est
1174 2195 1426 2255 fortibus
1451 2196 1590 2252 viris
1623 2215 1759 2268 esse,
1783 2202 1858 2267 et,
1883 2195 2154 2254 omnibus
2183 2197 2268 2254 in·
2425 2187 2436 2472 ¹

329 189 457 252 206
1144 205 1264 244 rm
1305 205 1432 244 Lm
1917 183 2073 261 [Lm.
2097 187 2271 246 XXI.

326 2299 416 2350 ter
444 2294 741 2352 victoriam
769 2301 1084 2352 mortemve
1114 2300 1270 2352 certa
1295 2293 1694 2370 desperatione
1721 2292 1995 2369 abruptiS,
2015 2300 2118 2352 aut
2147 2294 2267 2351 vin-

328 2408 471 2461 cere,
488 2397 604 2462 aut,
622 2391 671 2448 si
698 2391 935 2449 fortuna
962 2391 1268 2463 dubitabit,
1289 2392 1350 2448 in
1374 2390 1579 2469 proelio
1607 2388 1804 2467 potius
1836 2379 2009 2468 quam
2036 2391 2100 2446 in
2121 2392 2267 2469 fuga

328 2494 575 2545 mortem
610 2495 895 2566 oppetere.
981 2487 1044 2546 Si
1075 2487 1188 2546 hoc
1219 2488 1368 2546 bene
1401 2487 1580 2546 fixum
1623 2487 1891 2545 omnibus
1933 2487 1984 2544 si
2016 2487 2263 2547 destina-
2284 2495 2356 2547 30
2419 2491 2436 2506 ²

327 2592 455 2644 tum
488 2585 550 2642 in
584 2585 778 2642 animo
811 2592 915 2657 est,
940 2586 1147 2644 iterum
1184 2587 1391 2657 dicam,
1417 2585 1674 2643 vicistis:
1715 2585 1939 2643 nullum
1977 2604 2047 2643 eo
2079 2586 2263 2645 telum

328 2683 403 2740 ad
448 2681 793 2740 vincendum
835 2681 1063 2740 homini
1106 2682 1179 2740 ab
1224 2683 1317 2740 dis
1359 2681 1783 2740 immortalibus
1827 2682 2012 2741 acrius
2059 2683 2261 2742 datum

328 2800 390 2840 es
418 2779 471 2840 .’'

1215 2860 1398 2920 XLV.

376 3029 473 3072 'nae
525 3027 569 3069 R
570 3037 643 3068 om
646 3036 731 3068 ans
850 2975 963 3033 His
1004 2974 1504 3034 adhortationibus
1545 2994 1676 3033 cum
1709 2975 2000 3054 utrimque
2039 2976 2117 3034 ad
2150 2996 2262 3036 cer·
2429 2805 2436 3018 i

326 3099 477 3141 throw
506 3106 534 3138 a
567 3094 730 3146 bridge
770 3080 963 3131 tamen
1006 3072 1227 3130 accensi
1261 3072 1514 3130 militum
1556 3072 1734 3129 animi
1776 3079 1979 3144 essent,
2012 3072 2261 3131 Romani

326 3162 729 3272 ἓζὲῐὲῗξὲξὶῗῐὲἓξέ
772 3175 949 3246 ponte
970 3167 1236 3225 Ticinum
1260 3167 1530 3245 jungunt,
1551 3168 1894 3246 tutandique
1915 3170 2114 3246 pontis
2135 3190 2262 3228 cau—

326 3299 376 3337 to
410 3296 575 3338 defend
616 3295 665 3337 st,
678 3319 730 3328 ..„
770 3285 831 3322 sa
851 3264 1145 3323 castellum
1165 3265 1401 3342 insuper
1418 3265 1744 3342 imponunt.
1829 3264 2063 3338 Poenus,
2084 3265 2262 3323 hosti-

327 3361 731 3402 Maharbalissent
772 3361 880 3419 bus
909 3379 1081 3438 opere
1110 3361 1420 3437 occupatiS,
1445 3359 1835 3418 Maharbalem
1864 3380 1996 3418 cum
2025 3361 2115 3419 ala
2143 3361 2261 3419 Nu·
2318 3373 2352 3423 5

327 3425 479 3530 ξῖὴῃῗ
490 3426 736 3529 Ἓῖῃίξέζ
774 3457 1076 3528 midarum,
1102 3456 1394 3533 equitibus
1429 3456 1774 3534 quingentiS,
1804 3457 1880 3514 ad
1911 3457 2261 3536 depopulan-

330 3566 377 3596 m
391 3565 459 3594 ⁸¹²
472 3563 495 3594 ³
537 3564 614 3593 are
656 3565 734 3596 011·
773 3550 879 3607 dos
900 3552 1184 3610 sociorum
1205 3553 1410 3630 populi
1426 3554 1675 3611 Romani
1697 3572 1864 3630 agros
1885 3554 2098 3626 mittit3
2132 3553 2261 3612 Gal-

330 3618 516 3732 ξξξξῖζ,
534 3617 739 3724 ῗίιζὴῗ
775 3642 847 3699 lis
888 3647 1044 3720 parci
1090 3667 1264 3725 quam
1308 3650 1557 3706 maxime
1604 3648 1786 3725 jubet,
1818 3649 2260 3728 principumque

333 3748 455 3796 body
476 3747 530 3788 or
542 3747 739 3790 numid-
778 3737 1002 3795 animos
1028 3741 1103 3798 ad
1124 3743 1510 3802 defectionem
1533 3744 1841 3802 sollicitari.
1927 3745 2120 3804 Ponte
2139 3765 2261 3824 per-
