2459 3967
255 239 406 298 Off.
432 237 602 316 XX.]
823 257 900 295 AB
943 258 1098 297 naen
1144 258 1409 299 comum
1451 258 1626 296 mear.
2068 239 2192 302 181

255 400 412 457 sium
440 398 584 457 socii
617 404 717 457 aut
749 398 1188 457 sollicitarentur
1213 398 1289 457 ad
1310 399 1711 473 defectionem,
1728 407 1826 458 aut
1862 417 1964 457 sua
1991 402 2195 476 sponte

257 496 643 555 desciscentes
675 495 1074 573 reciperentur.
2214 501 2288 555 20

339 593 546 670 Legati
573 591 824 651 Romani
851 592 922 649 ab
951 591 1316 670 Carthagine,
1340 594 1488 651 sicut
1514 594 1585 651 iis
1612 592 1815 652 Romae
1848 594 2195 670 imperatum

257 696 400 762 erat,
417 692 482 747 in
510 689 874 767 Hispaniam,
893 696 961 747 ut
987 690 1211 748 adirent
1240 690 1514 762 civitatee,
1540 697 1598 749 et
1624 691 1685 748 in
1714 690 2045 749 societatem
2072 709 2195 767 per-

257 788 500 846 licerent
527 793 630 845 aut
655 792 974 845 averterent
1007 806 1041 844 a
1072 785 1288 859 Poenis,
1312 786 1673 864 trajecerunt.
1756 784 1856 844 Ad
1882 786 2195 864 Bargusios

257 878 516 962 primum
557 890 851 955 venerunt,
883 902 918 941 a
958 882 1166 961 quibus
1207 882 1455 959 benigne
1496 883 1735 959 excepti,
1768 883 1903 960 quia
1942 882 2194 941 taedebat

255 982 490 1059 imperii
521 980 748 1053 Punici,
776 980 994 1039 multos
1023 986 1182 1041 trans
1214 980 1447 1039 Iberum
1479 980 1725 1057 populos
1758 979 1831 1037 ad
1864 980 2189 1057 cupidinem
2210 982 2286 1035 25

257 1096 426 1136 novae
467 1078 722 1136 fortunae
764 1084 1080 1137 erexerunt.
1163 1075 1265 1136 Ad
1291 1076 1605 1137 Volcianos
1644 1075 1779 1135 inde
1817 1082 1903 1135 est
1934 1082 2189 1149 ventum,

258 1193 505 1251 quorum
547 1174 768 1233 celebre
798 1194 902 1252 per
933 1174 1279 1253 Hispaniam
1318 1194 1655 1253 responsum
1696 1181 1914 1233 ceteros
1946 1173 2193 1251 populos

257 1270 331 1329 ab
359 1272 633 1330 societate
661 1271 926 1331 Romana
950 1272 1173 1330 avertit.
1242 1270 1335 1329 Ita
1361 1272 1517 1329 enim
1542 1271 1827 1330 maximus
1853 1277 1994 1328 natu
2023 1288 2092 1328 ex
2118 1270 2191 1327 iis
2254 1320 2262 1326 .

254 1367 320 1425 in
341 1368 586 1426 concilio
613 1367 946 1446 respondit:
993 1368 1026 1397 “
1041 1367 1186 1439 Quae
1214 1368 1557 1427 verecundia
1582 1374 1685 1441 est,
1706 1368 1971 1440 Romani,
1994 1375 2191 1446 postu-

254 1462 373 1522 lare
413 1483 533 1536 vos,
563 1465 652 1523 uti
689 1471 935 1523 vestram
977 1464 1539 1543 Carthaginiensium
1581 1465 1850 1523 amicitiae
1893 1483 2189 1543 praepona-
2208 1468 2283 1522 30

251 1580 400 1633 mus,
437 1580 586 1633 cum,
611 1562 711 1638 qui
744 1561 806 1621 id
838 1561 1115 1631 fecerunt,
1140 1561 1493 1639 Saguntinos
1528 1561 1827 1634 crudelius,
1854 1580 2025 1641 quam
2058 1562 2189 1621 Poe-

252 1676 362 1717 nus
405 1658 592 1717 hostis
637 1658 908 1735 perdidit,
948 1679 1051 1718 vos
1101 1660 1243 1719 socii
1289 1658 1697 1737 prodideritisss
1779 1658 1869 1717 Ibi
1919 1659 2188 1736 quaeratis

253 1754 442 1812 socios
485 1773 706 1826 censeo,
746 1753 849 1811 ubi
891 1754 1210 1832 Saguntina
1254 1755 1443 1813 clades
1486 1756 1690 1833 ignota
1733 1761 1856 1813 est:
1908 1754 2187 1832 Hispanis

251 1849 507 1927 populis,
547 1850 698 1909 sicut
749 1850 1008 1929 lugubre,
1052 1852 1136 1909 ita
1188 1852 1416 1929 insigne
1474 1852 1885 1911 documentum
1940 1850 2185 1928 Sagunti

249 1948 435 2005 ruinae
473 1954 658 2019 erunt,
687 1967 760 2005 ne
799 1948 928 2025 quis
959 1947 1096 2007 fidei
1128 1949 1409 2007 Romanae
1452 1955 1551 2006 aut
1584 1948 1844 2006 societati
1876 1946 2182 2005 confidat.”
2204 1952 2281 2005 35

249 2042 398 2101 Inde
453 2043 744 2121 extemplo
791 2044 947 2103 abire
995 2044 1206 2103 finibus
1250 2045 1667 2105 Volcianorum
1713 2044 1857 2122 jussi
1905 2043 1977 2101 ab
2024 2043 2183 2102 nullo

249 2139 462 2197 deinde
495 2140 740 2198 concilio
773 2140 1076 2218 Hispaniae
1108 2140 1451 2219 benigniora
1480 2138 1653 2199 verba
1684 2139 1879 2198 tulere.
1962 2138 2055 2197 Ita
2089 2158 2185 2197 ne-

250 2236 568 2315 quidquam
597 2244 897 2315 peragrata
923 2237 1208 2316 Hispania
1234 2238 1295 2296 in
1323 2237 1567 2297 Galliam
1595 2242 1906 2295 transeunt.

1147 2416 1285 2475 XX.

299 2539 400 2581 'rho
431 2538 656 2582 Roman
777 2529 848 2589 In
901 2530 974 2588 iis
1021 2549 1171 2588 nova
1216 2529 1599 2608 terribilisque
1647 2531 1862 2609 species
1910 2530 2031 2589 visa
2077 2537 2179 2604 est,

247 2606 594 2725 ζῖνῗῃέἵέῗζ
587 2618 656 2715 3¹:1³
698 2626 857 2703 quod
899 2625 1106 2684 armati
1142 2622 1251 2701 (ita
1296 2644 1425 2685 mos
1472 2626 1661 2705 gentis
1709 2625 1853 2704 erat)
1896 2627 1958 2684 in
1999 2628 2185 2686 conci-

248 2740 350 2783 into
385 2740 547 2791 Gaul,
576 2750 656 2781 en-
694 2720 838 2779 lium
878 2729 1170 2782 venerunt.
1256 2722 1407 2782 Cum
1449 2723 1635 2781 verbis
1682 2724 2018 2781 extollentes
2064 2723 2185 2800 glo·
2282 2758 2289 2765 -

249 2806 422 2883 desvor
464 2810 514 2847 ¹⁰
554 2816 656 2858 ΨΘ·
693 2817 839 2875 riam
885 2818 1273 2899 virtutemque
1320 2819 1523 2897 populi
1565 2817 1813 2876 Romani
1858 2838 1922 2876 ac
1964 2819 2185 2896 magni-

247 2872 345 2920 vail,
383 2882 538 2925 upon
573 2872 652 2914 the

249 2938 398 2982 Gauio
428 2938 570 2981 tribes
603 2941 654 2980 to
695 2913 957 2971 tudinem
1004 2914 1235 2992 imperii
1280 2914 1574 2991 petissent,
1614 2933 1687 2971 ne
1735 2914 1919 2971 Poeno
1968 2914 2185 2974 bellum
2241 2920 2275 2971 5

249 3005 450 3113 {gi-223
459 3015 657 3113 Ρῗὶθὲἕξξ
695 3007 882 3067 Italiae
909 3010 1181 3069 inferenti
1207 3030 1313 3089 per
1332 3028 1499 3087 agros
1521 3007 1799 3085 urbesque
1830 3028 1957 3065 suas
1985 3010 2183 3067 transi·

249 3136 503 3184 territorias
515 3138 564 3177 to
575 3137 654 3178 the
696 3111 822 3163 tum
865 3106 1081 3179 darent,
1106 3113 1303 3165 tantus
1335 3124 1467 3164 cum
1508 3104 1747 3163 fremitu
1786 3104 1931 3161 risus
1973 3104 2183 3162 dicitur

250 3198 656 3251 Carthaginien
699 3208 874 3274 ortuS,
917 3209 986 3259 ut
1037 3202 1133 3259 vix
1187 3222 1223 3259 a
1275 3200 1703 3279 magistratibus
1756 3199 2181 3278 majoribusque

250 3264 656 3382 ἓξὲξῷἷξθῗθῖ
694 3305 836 3357 natu
875 3298 1144 3376 juventus
1187 3299 1513 3358 sedaretur:
1556 3298 1699 3357 adeo
1749 3297 1958 3355 stolida
1997 3298 2184 3376 impu-

251 3397 354 3505 ξζέ
365 3398 653 3505 ἔξεᾱοῖνέῒέ
693 3394 946 3471 densque
977 3393 1291 3472 postulatio
1319 3396 1442 3453 visa
1474 3403 1576 3468 est,
1601 3414 1843 3467 censere,
1873 3414 1947 3453 ne
1979 3395 2040 3453 in
2070 3395 2181 3453 Ita-
2200 3400 2273 3451 10

251 3527 515 3578 flammans
533 3530 655 3569 meet
694 3490 830 3547 liam
858 3490 1253 3548 transmittant
1280 3490 1432 3549 Galli
1456 3492 1687 3564 bellum,
1710 3493 1867 3570 ipsos
1899 3492 1962 3550 id
1989 3492 2180 3551 adver-

253 3594 362 3636 with
405 3604 434 3635 a
469 3596 656 3645 prompt
694 3592 814 3644 tere
845 3586 908 3643 in
942 3605 1018 3657 se,
1049 3604 1329 3662 agrosque
1362 3605 1495 3643 suos
1526 3606 1633 3663 pro
1674 3588 1873 3645 alienis
1904 3587 2180 3664 populan-

250 3660 507 3779 ῗξξὲῗέπζι,
524 3660 654 3769 3¹2ss3
695 3681 816 3741 dos,
829 3654 1391 3756 objicereffSedato
1424 3681 1659 3740 tandem
1686 3682 1922 3779 fremitu
1950 3698 2180 3756 respon.

251 3794 332 3849 ing
355 3794 576 3846 Massilia,
593 3805 650 3836 au
695 3797 821 3836 sum
849 3776 1054 3853 legatis
1079 3781 1182 3847 est,
1206 3793 1391 3852 neque
1419 3775 1811 3833 Romanorum
1838 3776 1988 3830 inse
2013 3771 2179 3827 meri-
