2459 3967
306 181 433 244 100
1128 196 1245 235 τιτι
1288 196 1414 235 mvr
1982 170 2133 252 [Lm.
2157 177 2237 237 ΙΙ.

304 340 531 399 vincere
561 339 715 399 bello
747 338 1095 397 Romanum.
1179 336 1273 395 Ita
1306 342 1459 396 certe
1491 336 1627 395 inde
1668 336 1857 395 abiere
1888 335 2139 395 Romani
2172 344 2241 395 ut

305 439 568 510 victores,
593 436 821 495 Etrusci
847 455 954 514 pro
983 434 1150 493 victis
1170 432 1210 493 τ’
1227 454 1363 491 nam
1390 441 1697 512 postquam
1726 434 1937 517 illuxit,
1954 454 2063 493 nec
2090 434 2242 512 quis·
2264 439 2343 491 10

307 553 482 611 quam
513 532 772 591 hostium
813 532 874 589 iu
915 537 1230 609 conspectu
1270 536 1407 602 erat,
1437 529 1504 588 P.
1521 529 1787 589 Valerius
1826 530 2023 589 consul
2056 530 2247 607 spolia

307 630 464 708 legit,
495 628 972 707 triumphansque
1019 627 1156 685 inde
1195 625 1445 685 Romam
1486 626 1673 686 rediit.
1757 627 2009 705 Collegae
2063 628 2249 686 funus

309 732 524 803 quanto
551 732 680 783 tum
715 724 912 801 potuit
939 729 1216 801 apparatu
1251 722 1406 781 fecit.
1490 721 1607 781 Sed
1632 724 1819 781 multo
1851 723 2041 801 majus
2066 723 2245 782 morti

308 822 482 880 decus
523 821 756 899 publica
793 820 912 879 fuit
952 819 1245 891 maestitia‚
1276 838 1345 877 eo
1392 826 1525 878 ante
1575 820 1773 877 omnia
1817 820 2076 898 insigniS‚
2108 821 2247 899 quia

307 926 588 977 matronae
623 938 835 975 anuum
873 924 939 975 ut
972 923 1270 995 parentem
1300 935 1432 975 eum
1466 915 1751 989 luxerunt,
1776 916 1935 994 quod
1960 924 2081 975 tam
2116 936 2247 975 acer
2266 922 2347 975 15

307 1016 463 1074 ultor
489 1015 718 1074 violatae
748 1013 1044 1093 pudicitiae
1072 1012 1295 1071 fuisset.

388 1112 630 1171 Consuli
670 1111 896 1183 deinde,
923 1109 1022 1189 qui
1064 1108 1425 1187 superfuerat
1459 1104 1551 1184 (ut
1583 1115 1719 1167 sunt
1750 1108 2055 1168 mutabiles
2087 1109 2245 1187 vulgi

311 1206 535 1285 animi),
561 1228 632 1267 ex
663 1208 863 1266 favore
895 1226 1013 1265 non
1041 1206 1263 1263 invidia
1288 1206 1466 1264 modo
1500 1205 1600 1264 sed
1628 1206 1878 1285 suspicio
1906 1206 2081 1265 etiam
2109 1225 2244 1264 cum

309 1305 491 1363 atroci
525 1304 764 1361 crimine
798 1310 940 1361 orta.
1023 1301 1295 1381 Regnum
1330 1321 1462 1361 eum
1498 1302 1789 1361 adfectare
1815 1302 1975 1360 fama
2002 1302 2245 1375 ferebat,

312 1403 449 1478 quia
479 1420 586 1459 nec
619 1399 898 1477 collegam
941 1399 1349 1477 subrogaverat
1380 1400 1443 1458 in
1474 1399 1667 1457 locum
1700 1398 1888 1471 Bruti,
1912 1407 1971 1458 et
2004 1398 2247 1458 aedifica-
2264 1405 2350 1459 20

310 1497 412 1555 bat
433 1497 493 1555 in
524 1516 752 1554 summa
767 1495 969 1569 Velia3
1012 1496 1096 1554 ibi
1124 1496 1243 1555 alto
1271 1503 1443 1575 atque
1471 1495 1698 1554 munito
1719 1495 1847 1553 loco
1876 1515 2063 1553 arcem
2092 1496 2249 1554 inex-

309 1594 684 1674 pugnabilem
718 1593 857 1652 fieri.
941 1594 1090 1653 Haec
1124 1594 1285 1651 dicta
1316 1593 1490 1671 vulgo
1526 1592 1855 1671 creditaque
1888 1612 2019 1651 cum
2062 1592 2249 1671 indig-

312 1692 493 1749 nitate
534 1698 810 1769 angerent
850 1691 1101 1749 consulis
1140 1692 1419 1763 animum,
1443 1697 1647 1749 vocato
1687 1690 1763 1748 ad
1802 1689 2105 1748 consilium
2146 1710 2251 1769 po-

309 1788 469 1868 pulo,
500 1788 820 1847 summissis
859 1788 1130 1859 fascibuS,
1161 1788 1221 1845 in
1272 1788 1602 1845 contionem
1646 1787 1918 1846 escendit.
2000 1786 2247 1845 Gratum

313 1887 376 1945 id
407 1886 770 1945 multitudini
804 1885 1190 1964 spectaculum
1225 1885 1359 1957 fuit,
1385 1884 1689 1943 summissa
1720 1884 1831 1967 sibi
1864 1904 1985 1943 esse
2016 1884 2249 1963 imperii
2266 1890 2349 1943 25

312 1983 578 2062 insignia,
600 1982 1137 2059 confessionemque
1171 1982 1387 2041 factam
1420 1981 1627 2059 populi
1656 2000 1827 2059 quam
1856 1981 2104 2040 consulis
2130 2002 2250 2039 ma-

324 2079 592 2156 jestatem
633 2081 866 2157 vimque
907 2078 1188 2155 majorem
1236 2098 1373 2137 esse.
1459 2077 1551 2136 Ibi
1596 2078 1792 2137 audire
1832 2078 2005 2156 jussis
2046 2078 2251 2137 consul

313 2176 543 2233 laudare
584 2176 878 2233 fortunam
923 2175 1177 2253 collegae,
1209 2175 1370 2253 quod
1408 2174 1647 2233 liberata
1684 2176 1888 2253 patria,
1917 2175 1979 2233 in
2019 2196 2250 2234 summo

313 2272 550 2343 honore,
581 2292 688 2348 pro
725 2292 786 2330 re
819 2272 1050 2349 publica
1082 2272 1381 2345 dimicanS,
1411 2279 1638 2330 matura
1676 2271 1861 2351 gloria
1898 2272 2145 2331 necdum
2186 2292 2251 2331 se
2432 2232 2434 2335 i

314 2375 573 2426 vertente
605 2370 667 2425 in
701 2368 996 2441 invidiam,
1020 2375 1269 2427 mortem
1314 2368 1689 2428 occubuisset.
1774 2369 1849 2427 Se
1882 2370 2249 2448 superstitem
2272 2378 2360 2431 30
2426 2360 2435 2473 1

315 2465 516 2543 gloriae
551 2484 669 2522 suae
703 2465 779 2522 ad
811 2466 1026 2523 crimen
1061 2471 1235 2543 atque
1268 2465 1543 2524 invidiam
1580 2484 1905 2544 superesse3
1948 2486 2017 2525 ex
2050 2465 2253 2524 libera·
2432 2474 2434 2491 '

315 2568 442 2620 tore
481 2562 683 2639 patriae
727 2562 802 2619 ad
833 2561 1102 2639 Aquilios
1135 2582 1194 2621 se
1228 2562 1613 2643 Vitelliosque
1646 2564 1927 2622 recidisse.
2014 2563 2255 2621 “Num-
2344 2568 2347 2571 ’
2424 2512 2435 2635 Ι

319 2677 564 2736 quamne
593 2677 730 2735 ergo
745 2657 778 2685 ''
807 2658 1000 2735 inquit
1029 2658 1196 2716 “ulla
1221 2659 1366 2717 adeo
1394 2679 1429 2717 a
1447 2660 1613 2718 vobis
1642 2666 1899 2738 spectata
1919 2660 2099 2719 virtus
2120 2661 2251 2733 erit,
2428 2687 2435 2781 1

316 2762 384 2813 ut
425 2754 750 2831 suspicione
788 2754 989 2812 violari
1029 2757 1315 2833 nequeat?
1394 2756 1523 2835 Ego
1564 2776 1675 2830 me,
1705 2758 1870 2815 illum
1910 2757 2253 2817 acerrimum

317 2870 517 2929 regum
565 2851 810 2924 hostem,
847 2852 1036 2931 ipsum
1079 2852 1415 2930 cupiditatis
1458 2854 1623 2932 regni
1666 2854 1882 2913 crimen
1924 2854 2251 2913 subiturum
2272 2864 2356 2917 35

317 2949 622 3007 timerem?
700 2948 848 3027 Ego,
885 2947 934 3006 si
989 2949 1051 3006 in
1099 2949 1228 3027 ipsa
1282 2968 1411 3008 arce
1458 2950 1865 3031 Capitolioque
1910 2951 2250 3025 habitarem,

315 3046 499 3105 metui
539 3064 633 3102 me
667 3045 953 3104 crederem
989 3039 1157 3123 posse
1199 3065 1235 3103 a
1274 3044 1493 3103 civibus
1532 3046 1715 3105 meis?
1794 3046 1939 3105 Tam
1978 3046 2089 3105 levi
2130 3066 2255 3105 mo-

315 3150 515 3201 mento
557 3162 686 3201 mea
725 3142 882 3221 apud
921 3161 1026 3200 vos
1066 3142 1225 3199 fama
1266 3142 1515 3219 pendet?
1594 3142 1839 3203 Adeone
1880 3150 1967 3202 est
2006 3143 2255 3202 fundata
2428 3112 2435 3231 Ι

316 3237 518 3297 leviter
556 3238 715 3309 fides,
739 3246 822 3311 ut,
847 3238 949 3296 ubi
982 3238 1109 3311 sim,
1135 3258 1308 3317 quam
1344 3239 1443 3317 qui
1478 3239 1604 3312 sim,
1626 3241 1814 3318 magis
1844 3240 2091 3299 referat?
2129 3260 2253 3298 non

318 3333 632 3391 obstabunt
677 3334 874 3393 Publii
913 3334 1134 3394 Valerii
1189 3336 1343 3393 oedes
1390 3336 1645 3395 libertati
1692 3344 1913 3410 vestrae,
1958 3336 2213 3407 Quirites
2234 3354 2251 3410 ;
2270 3344 2353 3399 40

318 3433 447 3485 tuta
478 3428 587 3507 erit
613 3427 777 3486 vobis
797 3429 980 3489 Velia.
1051 3430 1326 3490 Deferam
1360 3452 1478 3491 non
1506 3433 1567 3491 in
1595 3433 1833 3510 planum
1865 3434 2043 3492 modo
2077 3434 2250 3508 aedeS,

319 3523 418 3581 sed
447 3521 582 3579 colli
609 3524 784 3579 etiam
814 3526 1132 3602 subjiciam,
1159 3536 1224 3586 ut
1254 3549 1355 3609 vos
1384 3550 1557 3607 supra
1583 3540 1911 3608 suspectum
1939 3552 2033 3590 me
2064 3532 2249 3589 civem

319 3616 607 3674 habitetis.
693 3616 761 3673 In
791 3618 960 3677 Velia
988 3624 1291 3697 aedificent,
1318 3625 1527 3703 quibus
1558 3628 1765 3686 melius
1799 3647 1971 3706 quam
2000 3628 2065 3688 P.
2082 3629 2256 3687 Vale-

318 3712 405 3770 rio
427 3712 679 3771 creditur
698 3711 983 3773 libertaS.‘'
1052 3718 1262 3778 Delata
1282 3720 1591 3781 confestim
1612 3726 1853 3783 materia
1876 3726 2064 3784 omnis
2096 3725 2257 3784 infra
2429 3712 2434 3817 i

2418 3834 2435 3926 ἰ
