<?xml version="1.0" encoding="UTF-8"?>
<!DOCTYPE html PUBLIC "-//W3C//DTD XHTML 1.0 Transitional//EN"
    "http://www.w3.org/TR/xhtml1/DTD/xhtml1-transitional.dtd">
<html xmlns="http://www.w3.org/1999/xhtml" xml:lang="en" lang="en">
 <head>
  <title>
</title>
<meta http-equiv="Content-Type" content="text/html;charset=utf-8" />
  <meta name='ocr-system' content='tesseract 3.04.00' />
  <meta name='ocr-capabilities' content='ocr_page ocr_carea ocr_par ocr_line ocrx_word'/>
</head>
<body>
  <div class='ocr_page' id='page_1' title='image "./titiliviaburbec10livygoog_0092.png"; bbox 0 0 2459 3967; ppageno 0'>
   <div class='ocr_carea' id='block_1_1' title="bbox 289 175 2221 255">
    <p class='ocr_par' dir='ltr' id='par_1_1' title="bbox 289 175 2221 255">
     <span class='ocr_line' id='line_1_1' title="bbox 289 175 2221 255; baseline 0 -16"><span class='ocrx_word' id='word_1_1' title='bbox 289 180 371 239; x_wconf 88' lang='grc'>86</span> <span class='ocrx_word' id='word_1_2' title='bbox 1117 198 1232 237; x_wconf 76' lang='lat' dir='ltr'>&#39;rrri</span> <span class='ocrx_word' id='word_1_3' title='bbox 1274 200 1400 239; x_wconf 78' lang='lat' dir='ltr'>mvi</span> <span class='ocrx_word' id='word_1_4' title='bbox 2002 175 2156 255; x_wconf 78' lang='lat' dir='ltr'>[Lm.</span> <span class='ocrx_word' id='word_1_5' title='bbox 2177 182 2221 240; x_wconf 90' lang='lat' dir='ltr'>I.</span> 
     </span>
    </p>
   </div>
   <div class='ocr_carea' id='block_1_2' title="bbox 284 230 2447 1946">
    <p class='ocr_par' dir='ltr' id='par_1_2' title="bbox 286 230 2447 707">
     <span class='ocr_line' id='line_1_2' title="bbox 287 230 2447 491; baseline 0.001 -96"><span class='ocrx_word' id='word_1_6' title='bbox 287 337 603 410; x_wconf 85' lang='lat' dir='ltr'>videbatur,</span> <span class='ocrx_word' id='word_1_7' title='bbox 642 338 786 395; x_wconf 91' lang='lat' dir='ltr'>nihil</span> <span class='ocrx_word' id='word_1_8' title='bbox 827 358 967 397; x_wconf 87' lang='lat' dir='ltr'>voce</span> <span class='ocrx_word' id='word_1_9' title='bbox 1014 358 1353 417; x_wconf 88' lang='lat' dir='ltr'>responsum</span> <span class='ocrx_word' id='word_1_10' title='bbox 1402 348 1501 398; x_wconf 87' lang='lat' dir='ltr'>est.</span> <span class='ocrx_word' id='word_1_11' title='bbox 1587 340 1711 397; x_wconf 85' lang='lat' dir='ltr'>Rex</span> <span class='ocrx_word' id='word_1_12' title='bbox 1754 340 1910 398; x_wconf 85' lang='lat' dir='ltr'>velut</span> <span class='ocrx_word' id='word_1_13' title='bbox 1953 340 2226 399; x_wconf 85' lang='lat' dir='ltr'>delibera-</span> <span class='ocrx_word' id='word_1_14' title='bbox 2440 230 2447 491; x_wconf 61' lang='grc'><strong>1</strong></span> 
     </span>
     <span class='ocr_line' id='line_1_3' title="bbox 286 434 2223 513; baseline 0.001 -22"><span class='ocrx_word' id='word_1_15' title='bbox 286 434 516 492; x_wconf 90' lang='lat' dir='ltr'>bundus</span> <span class='ocrx_word' id='word_1_16' title='bbox 548 436 610 492; x_wconf 89' lang='lat' dir='ltr'>in</span> <span class='ocrx_word' id='word_1_17' title='bbox 642 434 875 492; x_wconf 90' lang='lat' dir='ltr'>hortum</span> <span class='ocrx_word' id='word_1_18' title='bbox 915 435 1126 493; x_wconf 82' lang='lat' dir='ltr'>aedium</span> <span class='ocrx_word' id='word_1_19' title='bbox 1161 436 1381 508; x_wconf 77' lang='lat' dir='ltr'>transit,</span> <span class='ocrx_word' id='word_1_20' title='bbox 1415 444 1686 513; x_wconf 89' lang='lat' dir='ltr'>sequente</span> <span class='ocrx_word' id='word_1_21' title='bbox 1718 437 1925 493; x_wconf 87' lang='lat' dir='ltr'>nuntio</span> <span class='ocrx_word' id='word_1_22' title='bbox 1960 436 2097 493; x_wconf 87' lang='lat' dir='ltr'>filii:</span> <span class='ocrx_word' id='word_1_23' title='bbox 2142 436 2223 493; x_wconf 91' lang='lat' dir='ltr'>ibi</span> 
     </span>
     <span class='ocr_line' id='line_1_4' title="bbox 287 530 2312 611; baseline 0 -22"><span class='ocrx_word' id='word_1_24' title='bbox 287 530 648 589; x_wconf 78' lang='lat' dir='ltr'><strong>inambulans</strong></span> <span class='ocrx_word' id='word_1_25' title='bbox 679 532 886 589; x_wconf 74' lang='lat' dir='ltr'>tacitus</span> <span class='ocrx_word' id='word_1_26' title='bbox 919 551 1144 589; x_wconf 86' lang='lat' dir='ltr'>summa</span> <span class='ocrx_word' id='word_1_27' title='bbox 1175 552 1524 611; x_wconf 86' lang='lat' dir='ltr'>papaverum</span> <span class='ocrx_word' id='word_1_28' title='bbox 1558 534 1748 611; x_wconf 85' lang='lat' dir='ltr'>capita</span> <span class='ocrx_word' id='word_1_29' title='bbox 1780 533 1992 591; x_wconf 89' lang='lat' dir='ltr'>dicitur</span> <span class='ocrx_word' id='word_1_30' title='bbox 2017 533 2221 591; x_wconf 87' lang='lat' dir='ltr'>baculo</span> <span class='ocrx_word' id='word_1_31' title='bbox 2241 538 2312 589; x_wconf 82' lang='lat'>25</span> 
     </span>
     <span class='ocr_line' id='line_1_5' title="bbox 289 627 2225 707; baseline 0.001 -22"><span class='ocrx_word' id='word_1_32' title='bbox 289 628 614 686; x_wconf 86' lang='lat' dir='ltr'>decussisse.</span> <span class='ocrx_word' id='word_1_33' title='bbox 699 627 1116 705; x_wconf 86' lang='lat' dir='ltr'>Interrogando</span> <span class='ocrx_word' id='word_1_34' title='bbox 1161 630 1661 707; x_wconf 80' lang='lat' dir='ltr'>exspectandoque</span> <span class='ocrx_word' id='word_1_35' title='bbox 1702 649 2038 707; x_wconf 88' lang='lat' dir='ltr'>responsum</span> <span class='ocrx_word' id='word_1_36' title='bbox 2082 650 2225 687; x_wconf 89' lang='lat' dir='ltr'>nun-</span> 
     </span>
    </p>

    <p class='ocr_par' dir='ltr' id='par_1_3' title="bbox 284 724 2319 1946">
     <span class='ocr_line' id='line_1_6' title="bbox 287 724 2223 803; baseline 0.001 -22"><span class='ocrx_word' id='word_1_37' title='bbox 287 725 404 783; x_wconf 90' lang='lat' dir='ltr'>tius</span> <span class='ocrx_word' id='word_1_38' title='bbox 430 724 632 796; x_wconf 76' lang='lat' dir='ltr'>fessuS‚</span> <span class='ocrx_word' id='word_1_39' title='bbox 663 730 728 781; x_wconf 91' lang='lat' dir='ltr'>ut</span> <span class='ocrx_word' id='word_1_40' title='bbox 755 744 816 781; x_wconf 93' lang='lat' dir='ltr'>re</span> <span class='ocrx_word' id='word_1_41' title='bbox 841 725 1196 801; x_wconf 86' lang='lat' dir='ltr'>imperfecta,</span> <span class='ocrx_word' id='word_1_42' title='bbox 1228 726 1378 783; x_wconf 86' lang='lat' dir='ltr'>redit</span> <span class='ocrx_word' id='word_1_43' title='bbox 1404 725 1653 798; x_wconf 85' lang='lat' dir='ltr'>Gabios3</span> <span class='ocrx_word' id='word_1_44' title='bbox 1698 744 1829 802; x_wconf 85' lang='lat' dir='ltr'>quae</span> <span class='ocrx_word' id='word_1_45' title='bbox 1862 725 2073 783; x_wconf 85' lang='lat' dir='ltr'>dixerit</span> <span class='ocrx_word' id='word_1_46' title='bbox 2098 726 2223 803; x_wconf 88' lang='lat' dir='ltr'>ipse</span> 
     </span>
     <span class='ocr_line' id='line_1_7' title="bbox 289 820 2226 899; baseline 0.001 -22"><span class='ocrx_word' id='word_1_47' title='bbox 289 839 533 897; x_wconf 85' lang='lat' dir='ltr'>quaeque</span> <span class='ocrx_word' id='word_1_48' title='bbox 559 820 782 891; x_wconf 88' lang='lat' dir='ltr'>viderit,</span> <span class='ocrx_word' id='word_1_49' title='bbox 805 820 1012 878; x_wconf 84' lang='lat' dir='ltr'>refert:</span> <span class='ocrx_word' id='word_1_50' title='bbox 1057 840 1156 877; x_wconf 88' lang='lat' dir='ltr'>seu</span> <span class='ocrx_word' id='word_1_51' title='bbox 1183 822 1282 893; x_wconf 86' lang='lat' dir='ltr'>ira,</span> <span class='ocrx_word' id='word_1_52' title='bbox 1314 840 1413 879; x_wconf 89' lang='lat' dir='ltr'>seu</span> <span class='ocrx_word' id='word_1_53' title='bbox 1442 822 1595 893; x_wconf 68' lang='lat' dir='ltr'>odio,</span> <span class='ocrx_word' id='word_1_54' title='bbox 1626 841 1725 879; x_wconf 88' lang='lat' dir='ltr'>seu</span> <span class='ocrx_word' id='word_1_55' title='bbox 1758 821 2025 899; x_wconf 85' lang='lat' dir='ltr'>superbia</span> <span class='ocrx_word' id='word_1_56' title='bbox 2050 823 2226 880; x_wconf 85' lang='lat' dir='ltr'>insita</span> 
     </span>
     <span class='ocr_line' id='line_1_8' title="bbox 287 902 2225 996; baseline 0.001 -21"><span class='ocrx_word' id='word_1_57' title='bbox 287 918 538 995; x_wconf 86' lang='lat' dir='ltr'>ingeniO,</span> <span class='ocrx_word' id='word_1_58' title='bbox 562 902 778 975; x_wconf 70' lang='lat' dir='ltr'>nullam</span> <span class='ocrx_word' id='word_1_59' title='bbox 807 936 938 974; x_wconf 88' lang='lat' dir='ltr'>eum</span> <span class='ocrx_word' id='word_1_60' title='bbox 963 936 1160 974; x_wconf 89' lang='lat' dir='ltr'>vocem</span> <span class='ocrx_word' id='word_1_61' title='bbox 1189 918 1458 976; x_wconf 83' lang='lat' dir='ltr'>emisisse.</span> <span class='ocrx_word' id='word_1_62' title='bbox 1544 918 1721 979; x_wconf 82' lang='lat' dir='ltr'>Sexto</span> <span class='ocrx_word' id='word_1_63' title='bbox 1748 918 1865 990; x_wconf 90' lang='lat' dir='ltr'>ubi,</span> <span class='ocrx_word' id='word_1_64' title='bbox 1892 918 2031 996; x_wconf 91' lang='lat' dir='ltr'>quid</span> <span class='ocrx_word' id='word_1_65' title='bbox 2053 919 2225 977; x_wconf 88' lang='lat' dir='ltr'>vellet</span> 
     </span>
     <span class='ocr_line' id='line_1_9' title="bbox 287 1013 2315 1101; baseline 0 -28"><span class='ocrx_word' id='word_1_66' title='bbox 287 1034 506 1092; x_wconf 77' lang='lat' dir='ltr'>parenS,</span> <span class='ocrx_word' id='word_1_67' title='bbox 531 1014 740 1093; x_wconf 88' lang='lat' dir='ltr'>quidve</span> <span class='ocrx_word' id='word_1_68' title='bbox 761 1013 1096 1091; x_wconf 84' lang='lat' dir='ltr'>praeciperet</span> <span class='ocrx_word' id='word_1_69' title='bbox 1116 1015 1307 1071; x_wconf 87' lang='lat' dir='ltr'>tacitis</span> <span class='ocrx_word' id='word_1_70' title='bbox 1335 1015 1687 1091; x_wconf 78' lang='lat' dir='ltr'>ambagibuS,</span> <span class='ocrx_word' id='word_1_71' title='bbox 1710 1016 1917 1101; x_wconf 78' lang='lat' dir='ltr'>patuit,</span> <span class='ocrx_word' id='word_1_72' title='bbox 1941 1016 2223 1093; x_wconf 87' lang='lat' dir='ltr'>primores</span> <span class='ocrx_word' id='word_1_73' title='bbox 2244 1021 2315 1073; x_wconf 88' lang='grc'>30</span> 
     </span>
     <span class='ocr_line' id='line_1_10' title="bbox 287 1111 2225 1190; baseline 0 -20"><span class='ocrx_word' id='word_1_74' title='bbox 287 1113 550 1184; x_wconf 57' lang='lat' dir='ltr'>civitam,</span> <span class='ocrx_word' id='word_1_75' title='bbox 581 1112 938 1170; x_wconf 82' lang='lat' dir='ltr'>criminando</span> <span class='ocrx_word' id='word_1_76' title='bbox 971 1111 1112 1169; x_wconf 81' lang='lat' dir='ltr'>alios</span> <span class='ocrx_word' id='word_1_77' title='bbox 1145 1111 1301 1189; x_wconf 91' lang='lat' dir='ltr'>apud</span> <span class='ocrx_word' id='word_1_78' title='bbox 1326 1113 1624 1189; x_wconf 89' lang='lat' dir='ltr'>populum,</span> <span class='ocrx_word' id='word_1_79' title='bbox 1649 1113 1789 1169; x_wconf 85' lang='lat' dir='ltr'>alios</span> <span class='ocrx_word' id='word_1_80' title='bbox 1822 1132 1924 1169; x_wconf 85' lang='lat' dir='ltr'>sua</span> <span class='ocrx_word' id='word_1_81' title='bbox 1950 1114 2107 1190; x_wconf 87' lang='lat' dir='ltr'>ipsos</span> <span class='ocrx_word' id='word_1_82' title='bbox 2139 1114 2225 1170; x_wconf 90' lang='lat' dir='ltr'>in-</span> 
     </span>
     <span class='ocr_line' id='line_1_11' title="bbox 287 1208 2225 1287; baseline 0.001 -22"><span class='ocrx_word' id='word_1_83' title='bbox 287 1208 441 1265; x_wconf 88' lang='lat' dir='ltr'>vidia</span> <span class='ocrx_word' id='word_1_84' title='bbox 481 1215 854 1285; x_wconf 82' lang='lat' dir='ltr'>opportunOS,</span> <span class='ocrx_word' id='word_1_85' title='bbox 883 1208 1188 1267; x_wconf 85' lang='lat' dir='ltr'>interemit.</span> <span class='ocrx_word' id='word_1_86' title='bbox 1275 1208 1446 1266; x_wconf 91' lang='lat' dir='ltr'>Multi</span> <span class='ocrx_word' id='word_1_87' title='bbox 1478 1209 1685 1286; x_wconf 86' lang='lat' dir='ltr'>palam,</span> <span class='ocrx_word' id='word_1_88' title='bbox 1717 1209 1967 1287; x_wconf 84' lang='lat' dir='ltr'>quidam,</span> <span class='ocrx_word' id='word_1_89' title='bbox 2002 1210 2065 1267; x_wconf 87' lang='lat' dir='ltr'>in</span> <span class='ocrx_word' id='word_1_90' title='bbox 2100 1212 2225 1287; x_wconf 90' lang='lat' dir='ltr'>qui-</span> 
     </span>
     <span class='ocr_line' id='line_1_12' title="bbox 285 1304 2218 1381; baseline 0.001 -19"><span class='ocrx_word' id='word_1_91' title='bbox 285 1304 394 1363; x_wconf 90' lang='lat' dir='ltr'>bus</span> <span class='ocrx_word' id='word_1_92' title='bbox 433 1306 626 1361; x_wconf 89' lang='lat' dir='ltr'>minus</span> <span class='ocrx_word' id='word_1_93' title='bbox 667 1305 923 1381; x_wconf 89' lang='lat' dir='ltr'>speciosa</span> <span class='ocrx_word' id='word_1_94' title='bbox 963 1306 1287 1363; x_wconf 84' lang='lat' dir='ltr'>criminatio</span> <span class='ocrx_word' id='word_1_95' title='bbox 1329 1313 1449 1364; x_wconf 88' lang='lat' dir='ltr'>erat</span> <span class='ocrx_word' id='word_1_96' title='bbox 1480 1306 1692 1377; x_wconf 84' lang='lat' dir='ltr'>futura,</span> <span class='ocrx_word' id='word_1_97' title='bbox 1728 1306 1874 1363; x_wconf 88' lang='lat' dir='ltr'>clam</span> <span class='ocrx_word' id='word_1_98' title='bbox 1912 1306 2218 1364; x_wconf 83' lang='lat' dir='ltr'>interfecti.</span> 
     </span>
     <span class='ocr_line' id='line_1_13' title="bbox 287 1400 2219 1479; baseline 0.001 -22"><span class='ocrx_word' id='word_1_99' title='bbox 287 1401 486 1459; x_wconf 87' lang='lat' dir='ltr'>Patuit</span> <span class='ocrx_word' id='word_1_100' title='bbox 513 1400 854 1478; x_wconf 86' lang='lat' dir='ltr'>quibusdam</span> <span class='ocrx_word' id='word_1_101' title='bbox 879 1401 1204 1459; x_wconf 87' lang='lat' dir='ltr'>volentibus</span> <span class='ocrx_word' id='word_1_102' title='bbox 1232 1402 1389 1479; x_wconf 80' lang='lat' dir='ltr'>fuga,</span> <span class='ocrx_word' id='word_1_103' title='bbox 1416 1409 1515 1459; x_wconf 89' lang='lat' dir='ltr'>aut</span> <span class='ocrx_word' id='word_1_104' title='bbox 1542 1403 1603 1460; x_wconf 91' lang='lat' dir='ltr'>in</span> <span class='ocrx_word' id='word_1_105' title='bbox 1632 1402 1894 1460; x_wconf 85' lang='lat' dir='ltr'>exsilium</span> <span class='ocrx_word' id='word_1_106' title='bbox 1924 1403 2039 1460; x_wconf 86' lang='lat' dir='ltr'>acti</span> <span class='ocrx_word' id='word_1_107' title='bbox 2066 1410 2219 1474; x_wconf 84' lang='lat' dir='ltr'>sunt,</span> 
     </span>
     <span class='ocr_line' id='line_1_14' title="bbox 287 1496 2319 1583; baseline 0.003 -30"><span class='ocrx_word' id='word_1_108' title='bbox 287 1496 720 1575; x_wconf 85' lang='lat' dir='ltr'>absentiumque</span> <span class='ocrx_word' id='word_1_109' title='bbox 741 1496 894 1579; x_wconf 74' lang='lat' dir='ltr'>bona</span> <span class='ocrx_word' id='word_1_110' title='bbox 913 1497 1079 1574; x_wconf 81' lang='lat' dir='ltr'>juxta</span> <span class='ocrx_word' id='word_1_111' title='bbox 1105 1505 1278 1583; x_wconf 86' lang='lat' dir='ltr'>atque</span> <span class='ocrx_word' id='word_1_112' title='bbox 1306 1499 1783 1575; x_wconf 87' lang='lat' dir='ltr'>interemptorum</span> <span class='ocrx_word' id='word_1_113' title='bbox 1811 1498 2020 1557; x_wconf 88' lang='lat' dir='ltr'>divisui</span> <span class='ocrx_word' id='word_1_114' title='bbox 2040 1498 2217 1557; x_wconf 86' lang='lat' dir='ltr'>fuere.</span> <span class='ocrx_word' id='word_1_115' title='bbox 2244 1506 2319 1559; x_wconf 84' lang='lat'>35</span> 
     </span>
     <span class='ocr_line' id='line_1_15' title="bbox 286 1592 2225 1672; baseline 0.002 -21"><span class='ocrx_word' id='word_1_116' title='bbox 286 1592 644 1671; x_wconf 87' lang='lat' dir='ltr'>Largitiones</span> <span class='ocrx_word' id='word_1_117' title='bbox 681 1593 817 1651; x_wconf 89' lang='lat' dir='ltr'>inde</span> <span class='ocrx_word' id='word_1_118' title='bbox 849 1594 1209 1671; x_wconf 83' lang='lat' dir='ltr'>praedaeque3</span> <span class='ocrx_word' id='word_1_119' title='bbox 1254 1601 1313 1653; x_wconf 92' lang='lat' dir='ltr'>et</span> <span class='ocrx_word' id='word_1_120' title='bbox 1346 1594 1645 1653; x_wconf 83' lang='lat' dir='ltr'>dulcedine</span> <span class='ocrx_word' id='word_1_121' title='bbox 1678 1595 1887 1672; x_wconf 85' lang='lat' dir='ltr'>privati</span> <span class='ocrx_word' id='word_1_122' title='bbox 1928 1596 2225 1654; x_wconf 82' lang='lat' dir='ltr'>commodi</span> 
     </span>
     <span class='ocr_line' id='line_1_16' title="bbox 287 1689 2225 1768; baseline 0.001 -20"><span class='ocrx_word' id='word_1_123' title='bbox 287 1710 483 1749; x_wconf 90' lang='lat' dir='ltr'>sensus</span> <span class='ocrx_word' id='word_1_124' title='bbox 515 1691 797 1749; x_wconf 84' lang='lat' dir='ltr'>malorum</span> <span class='ocrx_word' id='word_1_125' title='bbox 830 1689 1191 1768; x_wconf 89' lang='lat' dir='ltr'>publicorum</span> <span class='ocrx_word' id='word_1_126' title='bbox 1225 1691 1421 1762; x_wconf 88' lang='lat' dir='ltr'>adimi,</span> <span class='ocrx_word' id='word_1_127' title='bbox 1452 1690 1634 1749; x_wconf 81' lang='lat' dir='ltr'>donec</span> <span class='ocrx_word' id='word_1_128' title='bbox 1668 1690 1807 1748; x_wconf 90' lang='lat' dir='ltr'>orba</span> <span class='ocrx_word' id='word_1_129' title='bbox 1846 1691 2085 1749; x_wconf 90' lang='lat' dir='ltr'>consilio</span> <span class='ocrx_word' id='word_1_130' title='bbox 2128 1712 2225 1749; x_wconf 87' lang='lat' dir='ltr'>au—</span> 
     </span>
     <span class='ocr_line' id='line_1_17' title="bbox 286 1786 2222 1867; baseline 0.001 -22"><span class='ocrx_word' id='word_1_131' title='bbox 286 1788 538 1867; x_wconf 85' lang='lat' dir='ltr'>xilioque</span> <span class='ocrx_word' id='word_1_132' title='bbox 575 1787 800 1847; x_wconf 80' lang='lat' dir='ltr'>Gabina</span> <span class='ocrx_word' id='word_1_133' title='bbox 837 1807 927 1846; x_wconf 90' lang='lat' dir='ltr'>res</span> <span class='ocrx_word' id='word_1_134' title='bbox 967 1788 1090 1865; x_wconf 90' lang='lat' dir='ltr'>regi</span> <span class='ocrx_word' id='word_1_135' title='bbox 1123 1786 1387 1846; x_wconf 86' lang='lat' dir='ltr'>Romano</span> <span class='ocrx_word' id='word_1_136' title='bbox 1430 1788 1551 1845; x_wconf 85' lang='lat' dir='ltr'>sine</span> <span class='ocrx_word' id='word_1_137' title='bbox 1593 1786 1709 1846; x_wconf 90' lang='lat' dir='ltr'>ulla</span> <span class='ocrx_word' id='word_1_138' title='bbox 1748 1788 2117 1845; x_wconf 84' lang='lat' dir='ltr'>dimicatione</span> <span class='ocrx_word' id='word_1_139' title='bbox 2160 1788 2222 1846; x_wconf 91' lang='lat' dir='ltr'>in</span> 
     </span>
     <span class='ocr_line' id='line_1_18' title="bbox 284 1886 808 1946; baseline 0 -2"><span class='ocrx_word' id='word_1_140' title='bbox 284 1906 522 1946; x_wconf 90' lang='lat' dir='ltr'>manum</span> <span class='ocrx_word' id='word_1_141' title='bbox 549 1886 808 1945; x_wconf 83' lang='lat' dir='ltr'>traditur.</span> 
     </span>
    </p>
   </div>
   <div class='ocr_carea' id='block_1_3' title="bbox 2444 1416 2448 1973">
    <p class='ocr_par' dir='ltr' id='par_1_4' title="bbox 2444 1416 2448 1973">
     <span class='ocr_line' id='line_1_19' title="bbox 2444 1416 2448 1973; baseline 0 0"><span class='ocrx_word' id='word_1_142' title='bbox 2444 1416 2448 1973; x_wconf 95' lang='lat' dir='ltr'> </span> 
     </span>
    </p>
   </div>
   <div class='ocr_carea' id='block_1_4' title="bbox 284 1966 2447 2929">
    <p class='ocr_par' dir='ltr' id='par_1_5' title="bbox 335 1966 2447 2193">
     <span class='ocr_line' id='line_1_20' title="bbox 1195 1966 2447 2045; baseline -0.003 -18"><span class='ocrx_word' id='word_1_143' title='bbox 1195 1966 1315 2027; x_wconf 90' lang='lat' dir='ltr'>LV.</span> <span class='ocrx_word' id='word_1_144' title='bbox 2430 1972 2447 2045; x_wconf 49' lang='grc' dir='ltr'><strong>ἤ</strong></span> 
     </span>
     <span class='ocr_line' id='line_1_21' title="bbox 335 2074 2446 2193; baseline -0.001 -51"><span class='ocrx_word' id='word_1_145' title='bbox 335 2140 458 2181; x_wconf 82' lang='lat' dir='ltr'>Bun</span> <span class='ocrx_word' id='word_1_146' title='bbox 468 2140 600 2193; x_wconf 78' lang='lat' dir='ltr'>ding</span> <span class='ocrx_word' id='word_1_147' title='bbox 633 2140 688 2181; x_wconf 82' lang='lat' dir='ltr'>of</span> <span class='ocrx_word' id='word_1_148' title='bbox 808 2082 1008 2141; x_wconf 81' lang='lat' dir='ltr'>Gabiis</span> <span class='ocrx_word' id='word_1_149' title='bbox 1053 2082 1325 2160; x_wconf 80' lang='lat' dir='ltr'>&#39;receptis</span> <span class='ocrx_word' id='word_1_150' title='bbox 1393 2081 1737 2160; x_wconf 86' lang='lat' dir='ltr'>Tarquinius</span> <span class='ocrx_word' id='word_1_151' title='bbox 1808 2100 2010 2159; x_wconf 86' lang='lat' dir='ltr'>pacem</span> <span class='ocrx_word' id='word_1_152' title='bbox 2084 2101 2220 2140; x_wconf 89' lang='lat' dir='ltr'>cum</span> <span class='ocrx_word' id='word_1_153' title='bbox 2445 2074 2446 2107; x_wconf 57' lang='lat'>³</span> 
     </span>
    </p>

    <p class='ocr_par' dir='ltr' id='par_1_6' title="bbox 285 2177 2221 2257">
     <span class='ocr_line' id='line_1_22' title="bbox 285 2177 2221 2257; baseline -0.001 -21"><span class='ocrx_word' id='word_1_154' title='bbox 285 2205 365 2245; x_wconf 78' lang='lat' dir='ltr'>the</span> <span class='ocrx_word' id='word_1_155' title='bbox 389 2207 606 2257; x_wconf 80' lang='lat' dir='ltr'>temple</span> <span class='ocrx_word' id='word_1_156' title='bbox 634 2208 688 2247; x_wconf 80' lang='lat'>01·</span> <span class='ocrx_word' id='word_1_157' title='bbox 729 2179 1053 2256; x_wconf 89' lang='lat' dir='ltr'>AEquorum</span> <span class='ocrx_word' id='word_1_158' title='bbox 1092 2186 1265 2255; x_wconf 92' lang='lat' dir='ltr'>gente</span> <span class='ocrx_word' id='word_1_159' title='bbox 1306 2178 1463 2251; x_wconf 86' lang='lat' dir='ltr'>fecit,</span> <span class='ocrx_word' id='word_1_160' title='bbox 1498 2178 1691 2236; x_wconf 86' lang='lat' dir='ltr'>foedus</span> <span class='ocrx_word' id='word_1_161' title='bbox 1732 2197 1862 2236; x_wconf 90' lang='lat' dir='ltr'>cum</span> <span class='ocrx_word' id='word_1_162' title='bbox 1897 2177 2097 2235; x_wconf 88' lang='lat' dir='ltr'>Tuscis</span> <span class='ocrx_word' id='word_1_163' title='bbox 2139 2197 2221 2235; x_wconf 89' lang='lat' dir='ltr'>re-</span> 
     </span>
    </p>

    <p class='ocr_par' dir='ltr' id='par_1_7' title="bbox 284 2270 2220 2378">
     <span class='ocr_line' id='line_1_23' title="bbox 284 2270 2220 2378; baseline 0 -48"><span class='ocrx_word' id='word_1_164' title='bbox 284 2270 468 2378; x_wconf 48' lang='lat' dir='ltr'>&amp;pit-{r</span> <span class='ocrx_word' id='word_1_165' title='bbox 493 2283 568 2378; x_wconf 67' lang='lat'><em>1‘311</em></span> <span class='ocrx_word' id='word_1_166' title='bbox 609 2273 687 2313; x_wconf 84' lang='lat' dir='ltr'>the</span> <span class='ocrx_word' id='word_1_167' title='bbox 728 2276 975 2332; x_wconf 86' lang='lat' dir='ltr'>novavit.</span> <span class='ocrx_word' id='word_1_168' title='bbox 1033 2274 1176 2331; x_wconf 92' lang='lat' dir='ltr'>Inde</span> <span class='ocrx_word' id='word_1_169' title='bbox 1205 2274 1279 2331; x_wconf 92' lang='lat' dir='ltr'>ad</span> <span class='ocrx_word' id='word_1_170' title='bbox 1301 2274 1535 2352; x_wconf 90' lang='lat' dir='ltr'>negotia</span> <span class='ocrx_word' id='word_1_171' title='bbox 1561 2274 1777 2332; x_wconf 87' lang='lat' dir='ltr'>urbana</span> <span class='ocrx_word' id='word_1_172' title='bbox 1802 2274 2057 2331; x_wconf 89' lang='lat' dir='ltr'>animum</span> <span class='ocrx_word' id='word_1_173' title='bbox 2088 2293 2220 2331; x_wconf 90' lang='lat' dir='ltr'>con-</span> 
     </span>
    </p>

    <p class='ocr_par' dir='ltr' id='par_1_8' title="bbox 285 2349 2221 2448">
     <span class='ocr_line' id='line_1_24' title="bbox 285 2349 2221 2448; baseline 0 -21"><span class='ocrx_word' id='word_1_174' title='bbox 285 2349 422 2443; x_wconf 56' lang='grc' dir='ltr'>ΒΘᾞ</span> <span class='ocrx_word' id='word_1_175' title='bbox 438 2349 690 2445; x_wconf 47' lang='grc' dir='ltr'>αοῐὲὲῗιζ</span> <span class='ocrx_word' id='word_1_176' title='bbox 729 2370 915 2427; x_wconf 90' lang='lat' dir='ltr'>vertit.</span> <span class='ocrx_word' id='word_1_177' title='bbox 1001 2370 1260 2439; x_wconf 83' lang='lat' dir='ltr'>Quorum</span> <span class='ocrx_word' id='word_1_178' title='bbox 1304 2378 1424 2428; x_wconf 88' lang='lat' dir='ltr'>erat</span> <span class='ocrx_word' id='word_1_179' title='bbox 1463 2371 1733 2448; x_wconf 88' lang='lat' dir='ltr'>primum,</span> <span class='ocrx_word' id='word_1_180' title='bbox 1770 2378 1835 2429; x_wconf 92' lang='lat' dir='ltr'>ut</span> <span class='ocrx_word' id='word_1_181' title='bbox 1874 2370 1913 2428; x_wconf 88' lang='lat' dir='ltr'><strong>J</strong></span> <span class='ocrx_word' id='word_1_182' title='bbox 1915 2371 2037 2428; x_wconf 81' lang='lat' dir='ltr'>ovis</span> <span class='ocrx_word' id='word_1_183' title='bbox 2076 2377 2221 2427; x_wconf 88' lang='lat' dir='ltr'>tem·</span> 
     </span>
    </p>

    <p class='ocr_par' dir='ltr' id='par_1_9' title="bbox 285 2466 2320 2545">
     <span class='ocr_line' id='line_1_25' title="bbox 285 2466 2320 2545; baseline 0.001 -23"><span class='ocrx_word' id='word_1_184' title='bbox 285 2471 688 2545; x_wconf 56' lang='lat' dir='ltr'>omen--ssfleuvy</span> <span class='ocrx_word' id='word_1_185' title='bbox 728 2466 888 2543; x_wconf 89' lang='lat' dir='ltr'>plum</span> <span class='ocrx_word' id='word_1_186' title='bbox 911 2466 972 2523; x_wconf 89' lang='lat' dir='ltr'>in</span> <span class='ocrx_word' id='word_1_187' title='bbox 994 2474 1192 2524; x_wconf 88' lang='lat' dir='ltr'>monte</span> <span class='ocrx_word' id='word_1_188' title='bbox 1210 2467 1456 2544; x_wconf 88' lang='lat' dir='ltr'>Tarpeio</span> <span class='ocrx_word' id='word_1_189' title='bbox 1484 2474 1921 2525; x_wconf 89' lang='lat' dir='ltr'>monumentum</span> <span class='ocrx_word' id='word_1_190' title='bbox 1945 2466 2107 2543; x_wconf 87' lang='lat' dir='ltr'>regni</span> <span class='ocrx_word' id='word_1_191' title='bbox 2129 2466 2217 2522; x_wconf 88' lang='lat' dir='ltr'>sui</span> <span class='ocrx_word' id='word_1_192' title='bbox 2284 2475 2320 2525; x_wconf 84' lang='lat'>5</span> 
     </span>
    </p>

    <p class='ocr_par' dir='ltr' id='par_1_10' title="bbox 285 2537 2443 2639">
     <span class='ocr_line' id='line_1_26' title="bbox 285 2537 2443 2639; baseline -0 -21"><span class='ocrx_word' id='word_1_193' title='bbox 285 2537 596 2587; x_wconf 64' lang='lat' dir='ltr'>expendam-e.</span> <span class='ocrx_word' id='word_1_194' title='bbox 729 2562 1092 2638; x_wconf 85' lang='lat' dir='ltr'>nominisque</span> <span class='ocrx_word' id='word_1_195' title='bbox 1119 2562 1491 2639; x_wconf 89' lang='lat' dir='ltr'>relinqueret:</span> <span class='ocrx_word' id='word_1_196' title='bbox 1535 2563 1875 2639; x_wconf 87' lang='lat' dir='ltr'>Tarquinios</span> <span class='ocrx_word' id='word_1_197' title='bbox 1907 2580 2069 2639; x_wconf 88' lang='lat' dir='ltr'>reges</span> <span class='ocrx_word' id='word_1_198' title='bbox 2102 2580 2219 2617; x_wconf 87' lang='lat' dir='ltr'>am·</span> <span class='ocrx_word' id='word_1_199' title='bbox 2347 2563 2387 2602; x_wconf 48' lang='grc' dir='ltr'>κ’</span> <span class='ocrx_word' id='word_1_200' title='bbox 2441 2590 2443 2593; x_wconf 54' lang='lat'>&gt;</span> 
     </span>
    </p>

    <p class='ocr_par' dir='ltr' id='par_1_11' title="bbox 284 2629 2447 2735">
     <span class='ocr_line' id='line_1_27' title="bbox 284 2629 2447 2735; baseline -0 -22"><span class='ocrx_word' id='word_1_201' title='bbox 284 2655 406 2728; x_wconf 84' lang='lat' dir='ltr'>bos,</span> <span class='ocrx_word' id='word_1_202' title='bbox 431 2665 652 2734; x_wconf 88' lang='lat' dir='ltr'>patrem</span> <span class='ocrx_word' id='word_1_203' title='bbox 673 2657 910 2729; x_wconf 88' lang='lat' dir='ltr'>vovisse,</span> <span class='ocrx_word' id='word_1_204' title='bbox 933 2656 1116 2715; x_wconf 90' lang='lat' dir='ltr'>filium</span> <span class='ocrx_word' id='word_1_205' title='bbox 1144 2656 1465 2735; x_wconf 69' lang='lat' dir='ltr'>perfecisse.</span> <span class='ocrx_word' id='word_1_206' title='bbox 1542 2658 1635 2729; x_wconf 91' lang='lat' dir='ltr'>Et,</span> <span class='ocrx_word' id='word_1_207' title='bbox 1660 2664 1725 2715; x_wconf 93' lang='lat' dir='ltr'>ut</span> <span class='ocrx_word' id='word_1_208' title='bbox 1751 2657 1928 2715; x_wconf 85' lang='lat' dir='ltr'>libera</span> <span class='ocrx_word' id='word_1_209' title='bbox 1954 2676 1989 2713; x_wconf 88' lang='lat' dir='ltr'>a</span> <span class='ocrx_word' id='word_1_210' title='bbox 2014 2656 2217 2714; x_wconf 87' lang='lat' dir='ltr'>ceteris</span> <span class='ocrx_word' id='word_1_211' title='bbox 2440 2629 2447 2720; x_wconf 65' lang='grc' dir='ltr'>Ι</span> 
     </span>
    </p>

    <p class='ocr_par' dir='ltr' id='par_1_12' title="bbox 286 2752 2219 2832">
     <span class='ocr_line' id='line_1_28' title="bbox 286 2752 2219 2832; baseline 0 -23"><span class='ocrx_word' id='word_1_212' title='bbox 286 2753 656 2832; x_wconf 86' lang='lat' dir='ltr'>religionibus</span> <span class='ocrx_word' id='word_1_213' title='bbox 683 2773 811 2812; x_wconf 87' lang='lat' dir='ltr'>area</span> <span class='ocrx_word' id='word_1_214' title='bbox 839 2762 986 2813; x_wconf 91' lang='lat' dir='ltr'>esset</span> <span class='ocrx_word' id='word_1_215' title='bbox 1006 2761 1130 2812; x_wconf 87' lang='lat' dir='ltr'>tota</span> <span class='ocrx_word' id='word_1_216' title='bbox 1149 2754 1188 2812; x_wconf 88' lang='lat' dir='ltr'><strong>J</strong></span> <span class='ocrx_word' id='word_1_217' title='bbox 1191 2752 1647 2831; x_wconf 7' lang='lat' dir='ltr'>ovishtemplique</span> <span class='ocrx_word' id='word_1_218' title='bbox 1676 2753 1815 2829; x_wconf 50' lang='lat' dir='ltr'>ejus</span> <span class='ocrx_word' id='word_1_219' title='bbox 1838 2752 1993 2829; x_wconf 90' lang='lat' dir='ltr'>quod</span> <span class='ocrx_word' id='word_1_220' title='bbox 2020 2752 2219 2809; x_wconf 77' lang='lat' dir='ltr'>inaedi-</span> 
     </span>
    </p>

    <p class='ocr_par' dir='ltr' id='par_1_13' title="bbox 284 2848 2217 2929">
     <span class='ocr_line' id='line_1_29' title="bbox 284 2848 2217 2929; baseline -0.001 -22"><span class='ocrx_word' id='word_1_221' title='bbox 284 2848 560 2923; x_wconf 89' lang='lat' dir='ltr'>ficaretur,</span> <span class='ocrx_word' id='word_1_222' title='bbox 593 2870 938 2929; x_wconf 85' lang='lat' dir='ltr'>exaugurare</span> <span class='ocrx_word' id='word_1_223' title='bbox 965 2852 1104 2909; x_wconf 83' lang='lat' dir='ltr'>fana</span> <span class='ocrx_word' id='word_1_224' title='bbox 1136 2851 1448 2926; x_wconf 83' lang='lat' dir='ltr'>sacellaque</span> <span class='ocrx_word' id='word_1_225' title='bbox 1484 2851 1699 2921; x_wconf 89' lang='lat' dir='ltr'>statuit,</span> <span class='ocrx_word' id='word_1_226' title='bbox 1726 2868 1853 2927; x_wconf 84' lang='lat' dir='ltr'>quae</span> <span class='ocrx_word' id='word_1_227' title='bbox 1886 2849 2107 2926; x_wconf 89' lang='lat' dir='ltr'>aliquot</span> <span class='ocrx_word' id='word_1_228' title='bbox 2133 2848 2217 2905; x_wconf 92' lang='lat' dir='ltr'>ibi</span> 
     </span>
    </p>
   </div>
   <div class='ocr_carea' id='block_1_5' title="bbox 284 2945 2315 3027">
    <p class='ocr_par' dir='ltr' id='par_1_14' title="bbox 284 2945 2315 3027">
     <span class='ocr_line' id='line_1_30' title="bbox 284 2945 2315 3027; baseline -0.002 -20"><span class='ocrx_word' id='word_1_229' title='bbox 284 2967 320 3006; x_wconf 88' lang='lat' dir='ltr'>a</span> <span class='ocrx_word' id='word_1_230' title='bbox 346 2949 513 3007; x_wconf 84' lang='lat' dir='ltr'>Tatio</span> <span class='ocrx_word' id='word_1_231' title='bbox 545 2968 678 3026; x_wconf 87' lang='lat' dir='ltr'>rege</span> <span class='ocrx_word' id='word_1_232' title='bbox 706 2949 959 3027; x_wconf 89' lang='lat' dir='ltr'>primum</span> <span class='ocrx_word' id='word_1_233' title='bbox 991 2948 1052 3005; x_wconf 88' lang='lat' dir='ltr'>in</span> <span class='ocrx_word' id='word_1_234' title='bbox 1086 2948 1214 3024; x_wconf 89' lang='lat' dir='ltr'>ipso</span> <span class='ocrx_word' id='word_1_235' title='bbox 1248 2946 1575 3003; x_wconf 88' lang='lat' dir='ltr'>discrimine</span> <span class='ocrx_word' id='word_1_236' title='bbox 1608 2946 1875 3003; x_wconf 84' lang='lat' dir='ltr'>adversus</span> <span class='ocrx_word' id='word_1_237' title='bbox 1902 2945 2215 3003; x_wconf 89' lang='lat' dir='ltr'>Romulum</span> <span class='ocrx_word' id='word_1_238' title='bbox 2240 2950 2315 3003; x_wconf 92' lang='lat'>10</span> 
     </span>
    </p>
   </div>
   <div class='ocr_carea' id='block_1_6' title="bbox 127 3041 2309 3790">
    <p class='ocr_par' dir='ltr' id='par_1_15' title="bbox 127 3041 2219 3411">
     <span class='ocr_line' id='line_1_31' title="bbox 209 3041 2218 3147; baseline -0.004 -42"><span class='ocrx_word' id='word_1_239' title='bbox 209 3054 220 3147; x_wconf 44' lang='lat' dir='ltr'>s</span> <span class='ocrx_word' id='word_1_240' title='bbox 283 3066 495 3125; x_wconf 78' lang='lat' dir='ltr'>pugnae</span> <span class='ocrx_word' id='word_1_241' title='bbox 517 3053 666 3119; x_wconf 88' lang='lat' dir='ltr'>vota,</span> <span class='ocrx_word' id='word_1_242' title='bbox 691 3052 1018 3105; x_wconf 86' lang='lat' dir='ltr'>consecrata</span> <span class='ocrx_word' id='word_1_243' title='bbox 1043 3044 1492 3121; x_wconf 85' lang='lat' dir='ltr'>inaugurataque</span> <span class='ocrx_word' id='word_1_244' title='bbox 1520 3048 1721 3119; x_wconf 86' lang='lat' dir='ltr'>postea</span> <span class='ocrx_word' id='word_1_245' title='bbox 1746 3042 1989 3099; x_wconf 84' lang='lat' dir='ltr'>fuerant.</span> <span class='ocrx_word' id='word_1_246' title='bbox 2058 3041 2218 3099; x_wconf 89' lang='lat' dir='ltr'>Inter</span> 
     </span>
     <span class='ocr_line' id='line_1_32' title="bbox 127 3138 2219 3221; baseline -0.004 -19"><span class='ocrx_word' id='word_1_247' title='bbox 127 3151 151 3159; x_wconf 69' lang='grc'><strong><em>’</em></strong></span> <span class='ocrx_word' id='word_1_248' title='bbox 284 3144 566 3221; x_wconf 89' lang='lat' dir='ltr'>prmcipia</span> <span class='ocrx_word' id='word_1_249' title='bbox 599 3144 884 3202; x_wconf 84' lang='lat' dir='ltr'>condendi</span> <span class='ocrx_word' id='word_1_250' title='bbox 910 3142 1084 3218; x_wconf 86' lang='lat' dir='ltr'>hujus</span> <span class='ocrx_word' id='word_1_251' title='bbox 1119 3140 1307 3218; x_wconf 89' lang='lat' dir='ltr'>operis</span> <span class='ocrx_word' id='word_1_252' title='bbox 1339 3140 1585 3198; x_wconf 83' lang='lat' dir='ltr'>movisse</span> <span class='ocrx_word' id='word_1_253' title='bbox 1618 3158 1831 3196; x_wconf 87' lang='lat' dir='ltr'>numen</span> <span class='ocrx_word' id='word_1_254' title='bbox 1864 3138 1939 3195; x_wconf 88' lang='lat' dir='ltr'>ad</span> <span class='ocrx_word' id='word_1_255' title='bbox 1964 3138 2219 3196; x_wconf 91' lang='lat' dir='ltr'>indican-</span> 
     </span>
     <span class='ocr_line' id='line_1_33' title="bbox 286 3236 2217 3317; baseline -0.002 -22"><span class='ocrx_word' id='word_1_256' title='bbox 286 3240 420 3296; x_wconf 91' lang='lat' dir='ltr'>dam</span> <span class='ocrx_word' id='word_1_257' title='bbox 452 3241 600 3297; x_wconf 84' lang='lat' dir='ltr'>tanti</span> <span class='ocrx_word' id='word_1_258' title='bbox 632 3239 861 3317; x_wconf 88' lang='lat' dir='ltr'>imperii</span> <span class='ocrx_word' id='word_1_259' title='bbox 893 3238 1106 3297; x_wconf 89' lang='lat' dir='ltr'>molem</span> <span class='ocrx_word' id='word_1_260' title='bbox 1133 3238 1380 3295; x_wconf 88' lang='lat' dir='ltr'>traditur</span> <span class='ocrx_word' id='word_1_261' title='bbox 1406 3237 1576 3295; x_wconf 90' lang='lat' dir='ltr'>deos:</span> <span class='ocrx_word' id='word_1_262' title='bbox 1620 3256 1755 3293; x_wconf 86' lang='lat' dir='ltr'>nam</span> <span class='ocrx_word' id='word_1_263' title='bbox 1790 3256 1919 3293; x_wconf 90' lang='lat' dir='ltr'>cum</span> <span class='ocrx_word' id='word_1_264' title='bbox 1956 3236 2217 3293; x_wconf 89' lang='lat' dir='ltr'>omnium</span> 
     </span>
     <span class='ocr_line' id='line_1_34' title="bbox 287 3332 2217 3411; baseline 0.001 -21"><span class='ocrx_word' id='word_1_265' title='bbox 287 3335 619 3391; x_wconf 88' lang='lat' dir='ltr'>sacellorum</span> <span class='ocrx_word' id='word_1_266' title='bbox 649 3334 1120 3411; x_wconf 87' lang='lat' dir='ltr'>exaugurationes</span> <span class='ocrx_word' id='word_1_267' title='bbox 1149 3334 1520 3391; x_wconf 86' lang='lat' dir='ltr'>admitterent</span> <span class='ocrx_word' id='word_1_268' title='bbox 1546 3352 1693 3406; x_wconf 90' lang='lat' dir='ltr'>aves,</span> <span class='ocrx_word' id='word_1_269' title='bbox 1717 3333 1778 3391; x_wconf 91' lang='lat' dir='ltr'>in</span> <span class='ocrx_word' id='word_1_270' title='bbox 1800 3332 2057 3390; x_wconf 88' lang='lat' dir='ltr'>Termini</span> <span class='ocrx_word' id='word_1_271' title='bbox 2077 3334 2217 3391; x_wconf 80' lang='lat' dir='ltr'>fano</span> 
     </span>
    </p>

    <p class='ocr_par' dir='ltr' id='par_1_16' title="bbox 287 3427 2309 3790">
     <span class='ocr_line' id='line_1_35' title="bbox 287 3427 2309 3507; baseline 0.002 -25"><span class='ocrx_word' id='word_1_272' title='bbox 287 3446 404 3483; x_wconf 89' lang='lat' dir='ltr'>non</span> <span class='ocrx_word' id='word_1_273' title='bbox 433 3427 715 3483; x_wconf 85' lang='lat' dir='ltr'>addixere.</span> <span class='ocrx_word' id='word_1_274' title='bbox 800 3428 983 3504; x_wconf 91' lang='lat' dir='ltr'>quue</span> <span class='ocrx_word' id='word_1_275' title='bbox 1017 3448 1186 3485; x_wconf 88' lang='lat' dir='ltr'>omen</span> <span class='ocrx_word' id='word_1_276' title='bbox 1219 3429 1635 3505; x_wconf 87' lang='lat' dir='ltr'>auguriumque</span> <span class='ocrx_word' id='word_1_277' title='bbox 1664 3430 1747 3486; x_wconf 86' lang='lat' dir='ltr'>ita</span> <span class='ocrx_word' id='word_1_278' title='bbox 1778 3436 2078 3507; x_wconf 89' lang='lat' dir='ltr'>acceptum</span> <span class='ocrx_word' id='word_1_279' title='bbox 2112 3436 2213 3500; x_wconf 91' lang='lat' dir='ltr'>est,</span> <span class='ocrx_word' id='word_1_280' title='bbox 2240 3436 2309 3487; x_wconf 78' lang='lat'>15</span> 
     </span>
     <span class='ocr_line' id='line_1_36' title="bbox 288 3520 2219 3600; baseline 0.004 -25"><span class='ocrx_word' id='word_1_281' title='bbox 288 3539 404 3576; x_wconf 88' lang='lat' dir='ltr'>non</span> <span class='ocrx_word' id='word_1_282' title='bbox 433 3526 650 3576; x_wconf 84' lang='lat' dir='ltr'>motam</span> <span class='ocrx_word' id='word_1_283' title='bbox 672 3520 928 3579; x_wconf 89' lang='lat' dir='ltr'>Termini</span> <span class='ocrx_word' id='word_1_284' title='bbox 956 3524 1165 3594; x_wconf 90' lang='lat' dir='ltr'>sedem,</span> <span class='ocrx_word' id='word_1_285' title='bbox 1190 3542 1483 3600; x_wconf 82' lang='lat' dir='ltr'>unumque</span> <span class='ocrx_word' id='word_1_286' title='bbox 1518 3544 1649 3581; x_wconf 91' lang='lat' dir='ltr'>eum</span> <span class='ocrx_word' id='word_1_287' title='bbox 1676 3525 1914 3581; x_wconf 90' lang='lat' dir='ltr'>deorum</span> <span class='ocrx_word' id='word_1_288' title='bbox 1944 3544 2061 3583; x_wconf 90' lang='lat' dir='ltr'>non</span> <span class='ocrx_word' id='word_1_289' title='bbox 2092 3546 2219 3583; x_wconf 86' lang='lat' dir='ltr'>evo-</span> 
     </span>
     <span class='ocr_line' id='line_1_37' title="bbox 289 3613 2218 3697; baseline 0.005 -29"><span class='ocrx_word' id='word_1_290' title='bbox 289 3620 480 3669; x_wconf 89' lang='lat' dir='ltr'>catum</span> <span class='ocrx_word' id='word_1_291' title='bbox 515 3613 744 3671; x_wconf 87' lang='lat' dir='ltr'>sacratis</span> <span class='ocrx_word' id='word_1_292' title='bbox 777 3616 887 3672; x_wconf 91' lang='lat' dir='ltr'>sibi</span> <span class='ocrx_word' id='word_1_293' title='bbox 919 3616 1144 3688; x_wconf 90' lang='lat' dir='ltr'>finibus,</span> <span class='ocrx_word' id='word_1_294' title='bbox 1178 3617 1343 3674; x_wconf 87' lang='lat' dir='ltr'>firma</span> <span class='ocrx_word' id='word_1_295' title='bbox 1376 3618 1711 3696; x_wconf 86' lang='lat' dir='ltr'>stabiliaque</span> <span class='ocrx_word' id='word_1_296' title='bbox 1751 3626 1959 3677; x_wconf 90' lang='lat' dir='ltr'>cuncta</span> <span class='ocrx_word' id='word_1_297' title='bbox 1990 3628 2218 3697; x_wconf 89' lang='lat' dir='ltr'>porten-</span> 
     </span>
     <span class='ocr_line' id='line_1_38' title="bbox 291 3708 2220 3790; baseline 0.006 -27"><span class='ocrx_word' id='word_1_298' title='bbox 291 3709 438 3765; x_wconf 89' lang='lat' dir='ltr'>dere.</span> <span class='ocrx_word' id='word_1_299' title='bbox 523 3708 654 3767; x_wconf 90' lang='lat' dir='ltr'>Hoc</span> <span class='ocrx_word' id='word_1_300' title='bbox 702 3711 1100 3787; x_wconf 85' lang='lat' dir='ltr'>perpetuitatis</span> <span class='ocrx_word' id='word_1_301' title='bbox 1147 3714 1402 3789; x_wconf 88' lang='lat' dir='ltr'>auspicio</span> <span class='ocrx_word' id='word_1_302' title='bbox 1456 3722 1707 3790; x_wconf 90' lang='lat' dir='ltr'>accept0,</span> <span class='ocrx_word' id='word_1_303' title='bbox 1754 3723 2011 3773; x_wconf 87' lang='lat' dir='ltr'>secutum</span> <span class='ocrx_word' id='word_1_304' title='bbox 2060 3718 2220 3775; x_wconf 88' lang='lat' dir='ltr'>aliud</span> 
     </span>
    </p>
   </div>
   <div class='ocr_carea' id='block_1_7' title="bbox 2444 2530 2448 3343">
    <p class='ocr_par' dir='ltr' id='par_1_17' title="bbox 2444 2530 2448 3343">
     <span class='ocr_line' id='line_1_39' title="bbox 2444 2530 2448 3343; baseline 0 0"><span class='ocrx_word' id='word_1_305' title='bbox 2444 2530 2448 3343; x_wconf 95' lang='lat' dir='ltr'> </span> 
     </span>
    </p>
   </div>
  </div>
 </body>
</html>
