2459 3967
322 174 408 243 76
1149 192 1266 231 ‘r1‘r1
1308 192 1432 231 mvl
2034 171 2188 251 [Lm.
2210 178 2259 237 I.

323 332 590 411 Ephesioe
625 333 863 391 fanum:
905 332 969 391 id
1001 332 1385 391 communiter
1417 349 1452 390 a
1484 332 1814 391 civitatibus
1838 331 2001 389 Asiae
2032 333 2259 391 factum

322 430 481 487 fama
500 428 738 487 ferebat.
823 428 974 487 Eum
1005 448 1349 487 consensum
1370 428 1621 507 deosque
1649 428 2006 486 consociatos
2024 428 2261 487 laudare
2450 438 2452 513 ψ

321 526 466 585 mire
495 525 724 585 Servius
757 526 908 583 inter
939 544 1204 603 proceres
1238 524 1592 597 Latinorum,
1622 544 1753 583 cum
1788 523 1995 601 quibus
2026 524 2258 602 publice

321 622 708 701 privatimque
754 622 1011 698 hospitia
1063 621 1460 699 amicitiasque
1508 621 1581 679 de
1628 620 1912 678 industria
1956 620 2254 696 junxerat:

323 738 476 797 saepe
506 718 766 777 iterando
800 718 998 775 eadem
1033 718 1287 795 perpulit
1314 718 1567 789 tandem,
1596 724 1663 775 ut
1690 717 1893 775 Romae
1920 716 2124 774 fanum
2152 716 2258 776 Di·
2278 728 2362 781 10

322 836 448 875 anae
482 816 684 895 popufi
719 815 911 873 Latini
953 834 1083 873 eum
1119 814 1337 892 populo
1370 814 1635 872 Romano
1664 814 1933 873 facerent.
1990 813 2103 893 *Ea
2134 823 2260 874 erat

322 914 609 972 confessio
650 919 824 990 caput
863 930 1054 970 rerum
1095 910 1342 967 Romam
1386 930 1523 982 esse,
1554 911 1628 968 de
1670 929 1784 987 quo
1825 911 2039 967 totiens
2080 912 2259 969 armis

193 1002 602 1115 (ffirtamm
633 1010 838 1067 fuerat.
923 1007 994 1065 Id
1027 1026 1375 1085 quamquam
1419 1008 1693 1065 omissum
1726 1006 1847 1084 jam
1888 1027 1957 1064 ex
1991 1008 2256 1065 omnium

179 1090 244 1160 ,Γ
321 1126 456 1163 cura
484 1106 818 1163 Latinorum
853 1104 931 1162 ob
957 1123 1078 1161 rem
1112 1103 1329 1161 totiens
1360 1103 1671 1161 infeliciter
1700 1110 2042 1181 temptatam
2072 1106 2256 1163 armis

183 1175 209 1199 κ
319 1201 636 1271 videbatur,
667 1202 768 1259 uni
795 1221 855 1259 se
883 1221 952 1258 ex
981 1200 1209 1257 Sabinis
1236 1199 1360 1257 fors
1386 1200 1521 1257 dare
1548 1200 1671 1257 visa
1702 1206 1789 1257 est
1814 1199 2039 1276 privato
2072 1203 2257 1273 eonsi-
2278 1211 2363 1263 15

319 1297 398 1354 lio
431 1298 659 1374 imperii
693 1298 1081 1375 recuperandi.
1167 1298 1291 1355 Bos
1322 1298 1383 1355 in
1412 1296 1641 1355 Sabinis
1674 1304 1809 1355 nata
1840 1298 2065 1356 cuidam
2102 1302 2257 1375 patri

319 1393 560 1451 familiae
607 1393 834 1466 dicitur,
865 1395 1128 1453 miranda
1174 1393 1577 1471 magnitudine
1622 1414 1687 1451 ac
1731 1394 1920 1471 specie
1940 1398 1979 1471 ά,
1996 1394 2109 1452 fixa
2150 1415 2260 1473 per
2452 1450 2457 1503 ¹

319 1490 531 1549 multas
559 1497 759 1549 aetates
785 1510 1000 1549 cornua
1031 1492 1092 1549 in
1126 1490 1413 1549 vestibulo
1445 1490 1649 1568 templi
1676 1490 1885 1549 Dianae
1918 1495 2260 1550 m'onumen-

319 1593 448 1645 tum
487 1587 541 1645 ei
581 1588 744 1645 fuere
782 1588 1074 1647 miraculo,
1159 1587 1395 1659 Habita,
1426 1594 1493 1645 ut
1534 1594 1671 1659 erat,
1700 1606 1791 1645 res
1831 1586 2084 1665 prodigii
2122 1588 2256 1647 loco
2446 1534 2457 1709 d

321 1690 439 1755 est3
483 1690 542 1741 et
574 1685 828 1743 cecinere
861 1692 1035 1756 vateS,
1067 1684 1232 1761 cujus
1264 1684 1516 1742 civitatis
1556 1703 1685 1741 eam
1726 1685 1878 1741 cives
1908 1683 2115 1743 Dianae
2146 1684 2256 1743 im-
2273 1695 2365 1747 20

318 1780 648 1853 molassent,
677 1780 760 1839 ibi
793 1782 920 1839 fore
953 1780 1298 1857 imperium;
1340 1781 1517 1858 idque
1549 1798 1778 1839 carmen
1810 1788 2145 1857 pervenerat
2178 1782 2256 1841 ad

319 1879 634 1938 antistitem
670 1879 791 1937 fani
826 1878 1048 1937 Dianae.
1135 1876 1398 1948 Sabinus,
1429 1884 1495 1935 ut
1527 1878 1715 1955 prima
1755 1884 1892 1955 apta
1924 1877 2047 1936 dies
2087 1880 2259 1936 sacri-

317 1976 448 2035 ficio
485 1978 604 2035 visa
643 1982 746 2049 est,
769 1976 974 2035 bovem
1011 1974 1260 2033 Romam
1302 1981 1488 2033 actam
1530 1974 1765 2033 deducit
1806 1975 1882 2033 ad
1912 1975 2115 2033 fanum
2146 1975 2257 2033 Di-
2456 1975 2458 2109 ἱ

317 2093 460 2144 anae,
491 2082 550 2132 et
576 2082 709 2133 ante
737 2094 893 2131 aram
921 2072 1137 2133 statuit.
1222 2071 1315 2130 Ibi
1340 2072 1584 2129 antistes
1606 2071 1920 2145 Romania,
1948 2092 2082 2131 cum
2116 2092 2251 2133 eum
2457 2120 2458 2155 3

315 2168 658 2244 magnitudo
705 2170 958 2227 victimae
1012 2168 1295 2227 celebrata
1340 2168 1499 2225 fama
1551 2168 1843 2241 movisset,
1894 2188 2115 2227 memor
2167 2190 2254 2229 re-
2272 2178 2362 2231 25

318 2264 514 2340 sponsi
551 2263 827 2321 Sabinum
871 2265 955 2323 ita
996 2264 1358 2343 adloquitur:
1404 2264 1746 2334 “Quidnam
1790 2274 1856 2325 tu
1899 2267 2111 2345 hospes
2151 2287 2254 2343 pa-
2456 2216 2458 2301 κ

316 2378 406 2417 ras
423 2358 476 2416 φ’
526 2360 716 2437 inquit
760 2360 1026 2419 “inceste
1075 2360 1415 2421 sacrificium
1463 2362 1671 2421 Dianae
1719 2363 1945 2423 facere?
1994 2366 2131 2442 quin
2185 2373 2253 2423 tu
2443 2348 2459 2473 j

316 2463 448 2513 ante
469 2456 600 2513 vivo
621 2455 983 2533 perfunderis
1003 2457 1242 2515 flumine
1260 2460 1280 2517 2
1313 2458 1513 2517 infima
1536 2460 1677 2519 valle
1698 2460 1949 2537 praefluit
1968 2461 2253 2521 Tiberis.’'

316 2553 617 2629 Religione
644 2559 831 2611 tactus
858 2552 1083 2629 hospe8‚
1116 2555 1216 2632 qui
1246 2557 1457 2628 omnia,
1487 2563 1555 2616 ut
1581 2558 1849 2635 prodigio
1878 2558 2253 2635 responderet
2452 2522 2459 2631 1

315 2655 567 2721 eventus,
599 2655 832 2725 cuperet
864 2649 972 2707 rite
1003 2650 1174 2723 facta,
1205 2652 1499 2731 extemplo
1532 2654 1830 2713 descendit
1865 2655 1940 2714 ad
1971 2655 2247 2715 Tiberim.
2274 2662 2369 2716 30
2443 2634 2459 2787 1

315 2747 542 2805 Interea
568 2746 864 2804 Romanus
896 2746 1161 2806 immolat
1187 2747 1397 2807 Dianae
1429 2749 1654 2809 bovem.
1738 2750 1811 2809 Id
1840 2751 1985 2809 mire
2016 2758 2251 2828 gratum
2456 2800 2458 2803 <

313 2844 436 2921 regi
464 2851 636 2921 atque
663 2841 884 2901 civitati
910 2844 1042 2903 fuit.
2449 2822 2458 2939 1

1172 3020 1388 3083 XLVI.

362 3132 590 3239 sei-vitas
611 3130 716 3237 lays}
834 3133 1080 3207 Servius,
1100 3154 1448 3213 quamquam
1468 3134 1585 3213 jam
1609 3155 1719 3195 usu
1743 3136 1900 3195 haud
1922 3135 2095 3195 dubie
2123 3156 2251 3215 reg.

311 3200 406 3305 ξιξ,
424 3209 540 3315 (13ῗὲ
548 3208 636 3303 ὴοῖ
651 3207 714 3303 too
753 3250 895 3287 num
932 3231 1281 3309 possederat,
1312 3239 1522 3303 tamen,
1550 3232 1684 3310 quia
1719 3232 2010 3290 interdum
2041 3232 2251 3308 jactari

311 3329 440 3379 reign
456 3328 614 3369 before
631 3327 711 3368 the
753 3345 922 3384 voces
955 3348 990 3385 a
1020 3328 1229 3405 juvene
1262 3328 1577 3405 Tarquinio
1598 3327 1884 3386 'audiebat
1922 3348 1981 3386 se
2018 3328 2249 3406 injussu

311 3390 714 3497 ffssffleffeggrg
754 3420 958 3495 populi
989 3441 1243 3498 regnare,
1274 3423 1581 3481 conciliata
1609 3424 1769 3499 prius
1802 3424 2096 3482 voluntate
2129 3425 2251 3501 ple-

313 3521 408 3561 him
447 3521 566 3571 king
599 3518 713 3593 thh
752 3512 860 3583 bis,
881 3532 1018 3590 agro
1041 3524 1210 3593 capto
1234 3536 1303 3574 ex
1325 3516 1587 3575 hostibus
1608 3519 1825 3576 viritim
1848 3520 2052 3591 diviso,
2072 3540 2249 3579 ausus
2323 3530 2365 3581 5

312 3588 722 3701 ᾗῗζέἒὲῗέξζᾚ
757 3613 844 3663 est
889 3608 1040 3667 ferre
1089 3611 1163 3667 ad
1205 3612 1505 3688 populum,
1537 3612 1747 3670 vellent
1792 3614 2135 3689 juberentne
2186 3636 2251 3675 se

177 3727 198 3753 ι
312 3725 468 3767 young
509 3713 710 3765 'ran-quin
753 3719 1017 3775 regnare3
1051 3710 1331 3781 tantoque
1358 3725 1657 3777 consensu,
1676 3716 1893 3783 quanto
1913 3709 2073 3769 haud
2094 3714 2254 3789 quis·
