2459 3967
231 202 602 283 CARXVI]
803 224 878 261 AB
924 224 1078 263 unns
1125 224 1387 263 coNDrrA
1434 224 1609 263 uem.
2085 204 2171 267 43

233 365 402 425 diens
440 384 536 422 vsa
537 371 625 422 tat
668 364 978 422 ulciscendi
1023 385 1153 442 mag
1149 365 1206 421 is
1253 385 1422 442 quam
1468 365 1681 442 praedae
1726 366 1951 424 studio,
1996 385 2173 444 eaque

233 464 398 562 clade
427 462 588 519 haud
614 461 804 519 minus
823 482 1004 556 quam
1034 462 1269 519 adversa
1294 482 1492 540 pugna
1524 462 1743 521 subacti
1771 463 2046 523 Veientes
2078 482 2177 541 pa-

235 580 361 618 cem
368 552 640 659 petitum
671 520 933 616 &ratores
949 558 1196 616 Romam
1223 560 1481 619 mittunt.
1552 559 1701 638 Agri
1728 566 1889 638 parte
1917 560 2175 619 multatis
2192 562 2269 615 20

233 659 298 715 in
329 662 561 733 centum
591 676 772 737 annos
799 655 1041 714 indutiae
1071 656 1239 724 datae.

320 719 714 825 Haecfflfe'aerme,
749 738 1000 811 Romulo
1049 760 1340 834 regnante,
1386 755 1547 823 domi
1592 753 1932 833 militiaeque
1979 761 2175 833 gesta3

237 844 488 930 duorum
531 850 678 908 nihil
721 830 1001 909 absonum
1037 848 1170 908 fidei
1213 851 1423 909 divinae
1468 852 1706 929 originis
1747 851 2177 930 divinitatisque

235 955 377 1027 post
409 955 655 1007 mortem
689 947 922 1007 creditae
956 948 1089 1019 fuit,
1119 967 1237 1005 non
1272 948 1498 1006 animus
1530 950 1591 1005 in
1624 967 1802 1026 regno
1836 949 1991 1006 avito
2024 968 2179 1007 recu-

235 1045 512 1125 perand0‚
543 1064 662 1103 non
701 1045 1020 1104 condendae
1060 1044 1215 1104 urbis
1250 1044 1567 1118 eonsilium,
1598 1065 1715 1103 non
1749 1045 1900 1103 bello
1940 1065 2003 1103 ac
2036 1064 2176 1123 pace
2196 1048 2273 1105 25

237 1143 570 1200 firmandae:
601 1142 673 1199 ab
699 1142 800 1201 illo
828 1143 980 1201 enim
1011 1142 1275 1221 profecto
1304 1142 1520 1201 viribus
1548 1142 1697 1200 datis
1725 1148 1950 1201 tantum
1980 1142 2176 1214 valuit,

237 1247 306 1298 ut
334 1240 397 1296 in
427 1239 802 1317 quadraginta
822 1240 1030 1298 deinde
1058 1259 1239 1297 annos
1265 1245 1451 1298 tutam
1478 1259 1679 1318 pacem
1700 1240 1949 1299 haberet.
2034 1240 2181 1298 Mul-

235 1336 481 1395 titudini
513 1343 708 1395 tamen
739 1337 958 1414 gratior
988 1337 1104 1395 fuit
1138 1356 1311 1415 quam
1343 1337 1619 1415 patribus
1650 1338 1821 1415 longe
1862 1345 1995 1396 ante
2036 1338 2180 1396 alios

236 1434 671 1512 acceptissimus
703 1434 956 1493 militum
990 1434 1230 1493 animis:
1274 1440 1671 1513 trecentosque
1704 1442 1952 1493 armatos
1984 1435 2058 1493 ad
2086 1456 2181 1493 eu-

237 1532 492 1589 stodiam
521 1531 792 1609 eorporiS,
815 1550 958 1610 quos
979 1530 1204 1590 Celeres
1232 1531 1554 1611 appellavit,
1578 1550 1696 1591 non
1725 1532 1783 1590 in
1812 1532 1961 1591 bello
1991 1532 2175 1591 solum
2198 1534 2274 1587 30

235 1628 345 1687 sed
373 1629 546 1687 etiam
574 1628 635 1687 in
662 1646 802 1707 pace
828 1627 1047 1689 habuit.

1124 1806 1293 1867 XVI.

289 1925 476 1977 Legend
499 1926 552 1967 or
563 1926 645 1968 the
764 1920 878 1979 His
925 1920 1351 1981 immortalibus
1396 1920 1567 1979 editis
1612 1919 1897 1999 operibuS,
1930 1940 2060 1979 eum
2104 1920 2179 1979 ad

233 1994 532 2111 ῗξξιέῃὲᾨ
537 2004 646 2104 ''gffi
687 2019 1002 2083 exereitum
1043 2019 1453 2078 recensendum
1497 2020 1827 2081 contionem
1868 2019 1929 2077 in
1971 2038 2177 2097 eampo

233 2123 444 2187 ficatiqn.
687 2116 763 2179 ad
785 2100 987 2194 Caprae
1017 2092 1287 2194 paludem
1315 2116 1567 2195 haberet,
1592 2116 1783 2203 subito
1814 2124 2011 2201 coo-Lta
2037 2124 2180 2176 tem-

233 2219 436 2291 pestas
473 2232 606 2271 cum
643 2232 858 2291 magno
891 2214 1118 2291 fragore
1152 2190 1576 2292 tonitribusque
1608 2222 1728 2273 tam
1764 2214 1941 2273 denso
1983 2234 2177 2293 regem

235 2309 472 2386 operuit
499 2310 718 2382 nimbO,
749 2317 814 2369 ut
842 2316 1212 2388 conspectum
1255 2309 1379 2387 ejus
1409 2310 1666 2369 contioni
1700 2311 2031 2384 abstulerit3
2072 2330 2177 2369 nec
2237 2321 2272 2373 5

234 2406 450 2465 deinde
484 2406 544 2465 in
572 2408 740 2465 terris
767 2407 1050 2465 Romulus
1084 2407 1214 2465 fuit.
1301 2407 1562 2465 Romana
1596 2408 1792 2486 pubeS,
1824 2409 2022 2467 sedato
2054 2415 2179 2466 tan—

235 2504 644 2581 dempavore,
675 2512 983 2582 postquam
1026 2525 1095 2562 ex
1137 2513 1257 2562 tam
1298 2504 1532 2563 turbido
1566 2505 1660 2565 die
1702 2526 1897 2563 serena
1938 2512 1997 2563 et
2028 2512 2180 2562 tran-

236 2600 421 2679 quilla
449 2601 559 2658 lux
581 2602 770 2673 rediit,
801 2601 912 2679 ubi,
934 2621 1170 2659 vacuam
1213 2601 1407 2659 sed-em
1448 2603 1663 2680 regiam
1698 2603 1859 2675 vidit,
1892 2602 1998 2661 etsi
2040 2601 2178 2660 satis

236 2697 510 2757 credebat
549 2698 824 2776 patribuS,
858 2698 956 2777 qui
989 2698 1240 2775 proximi
1282 2706 1571 2772 steterant,
1604 2698 1905 2757 sublimem
1944 2704 2177 2777 raptum

234 2796 506 2881 procella,
535 2803 747 2868 tamen,
779 2796 934 2855 velut
951 2796 1224 2858 orbitatis
1258 2803 1418 2855 metu
1445 2795 1575 2873 icta,
1605 2804 1871 2854 maestum
1908 2796 2178 2874 aliquam·
2199 2799 2273 2851 10

235 2894 353 2952 diu
375 2890 665 2951 silentium
701 2893 969 2952 obtinuit.
1053 2892 1282 2951 Deinde
1315 2912 1349 2949 a
1379 2894 1577 2970 paucis
1609 2876 1778 2951 initio
1806 2893 1979 2965 facte,
2005 2894 2178 2951 deum

229 2990 353 3051 deo
387 2996 605 3062 natum,
637 3009 830 3067 regem
864 2997 1273 3067 parentemque
1306 2989 1463 3047 urbis
1496 2989 1774 3047 Romame
1808 2990 2019 3047 salvere
2056 2990 2180 3047 uni-

236 3087 391 3145 versi
422 3072 737 3145 Romulum
779 3086 1014 3163 jubent3
1058 3106 1259 3163 paoem
1301 3084 1565 3163 precibus
1608 3092 1939 3162 exposcunt,
1964 3085 2051 3143 uti
2084 3105 2181 3143 vo-

236 3185 366 3245 lens
413 3183 702 3262 propitius
756 3203 918 3241 suam
973 3203 1198 3261 semper
1252 3182 1494 3260 sospitet
1546 3181 1907 3259 progeniem.
1984 3182 2179 3243 Fuisse

241 3281 416 3339 eredo
456 3287 584 3339 tum
619 3269 855 3359 'quoque
897 3280 1134 3358 aliquos,
1165 3280 1267 3357 qui
1311 3280 1659 3357 discerptum
1709 3296 1902 3356 regem
1950 3288 2178 3358 patrum
2201 3285 2275 3337 15

239 3377 510 3435 manibus
551 3376 717 3434 taciti
759 3382 1062 3454 arguerent
1104 3371 1384 3451 (manavit
1433 3362 1588 3434 enirn
1627 3374 1754 3432 haec
1804 3393 2031 3454 quoque
2080 3378 2181 3435 sed

242 3474 592 3553 perobscura
630 3470 849 3550 fama):
900 3473 1057 3530 illam
1106 3473 1343 3531 alteram
1390 3473 1695 3531 admiratio
1743 3472 1851 3530 viri
1898 3478 1957 3529 et
2002 3490 2181 3550 pavor

241 3590 496 3651 praesens
537 3570 879 3628 nobilitavit.
964 3568 1222 3627 Consilio
1264 3568 1438 3628 etiam
1482 3568 1653 3626 unius
1689 3566 1943 3624 hominis
1986 3566 2183 3623 addita

240 3670 325 3727 rei
351 3668 568 3728 dicitur
594 3665 753 3726 fides,
839 3666 1104 3742 Namque
1132 3662 1411 3721 Proculus
1438 3664 1645 3735 Julius,
1678 3662 1921 3719 sollicita
1952 3660 2181 3716 civitate

243 3765 530 3830 desiderio
557 3763 712 3842 regis
739 3769 798 3822 et
823 3762 1052 3848 infensa
1083 3758 1358 3838 patribuS,
1382 3760 1585 3835 gravis,
1610 3764 1676 3816 ut
1702 3754 1963 3823 traditur,
1989 3767 2181 3825 quam-
2200 3748 2271 3801 20

2390 3786 2447 3889 A
