2459 3967
214 185 357 244 Cir.
384 182 525 261 IX]
770 201 849 240 AB
893 203 1048 242 casn
1094 203 1358 244 coruum
1401 205 1577 244 uam.
2016 184 2145 252 237

590 441 624 461 “
1127 425 1234 484 IX.

298 593 343 636 11
374 603 404 635 a
432 604 467 635 n
496 605 529 636 n
560 593 615 636 1-
738 539 1031 598 Hannibal
1063 547 1221 598 recto
1254 541 1458 600 itinere
1490 560 1593 619 per
1624 541 1932 602 Umbriam
1965 562 2146 622 usque

206 661 241 704 b
276 671 305 702 a
337 661 356 701 1
406 659 617 702 marchen
656 636 733 694 ad·
772 635 1097 713 Spoletium
1138 637 1312 697 venit.
1397 637 1558 710 Inde,
1589 657 1722 696 cum
1762 639 2145 717 perpopulato

206 727 618 836 {broughhnm-
658 751 797 808 agro
852 731 1052 789 urbem
1108 752 1443 810 oppugnare
1503 733 1738 795 adortus
1797 742 1962 808 esset,
2013 755 2146 795 cum

206 805 437 914 9352}
456 805 617 902 Ποῖ
654 846 867 903 magna
906 827 1063 886 caede
1112 847 1345 885 suorum
1386 828 1662 905 repulsus,
1699 830 2029 907 conjectans
2076 852 2145 890 ex

208 927 544 979 spoletium.
564 952 617 960 —
656 923 827 980 unius
865 923 1107 982 coloniae
1140 923 1297 982 haud
1329 925 1503 982 nimis
1535 943 1805 1004 prospere
1846 932 2144 1004 temptatae
2206 933 2238 983 5

206 993 616 1112 &33:³32ng
656 1017 887 1090 viribus,
920 1026 1135 1096 quanta
1168 1019 1352 1078 moles
1383 1019 1664 1078 Romanae
1697 1021 1854 1080 urbis
1892 1028 2054 1094 esset,
2085 1024 2147 1080 in

206 1129 272 1171 ne
288 1128 475 1170 obtains
486 1131 619 1182 great
658 1133 859 1191 agrum
894 1113 1172 1186 Picenum
1206 1115 1412 1174 avertit
1444 1116 1568 1188 iter,
1599 1137 1718 1176 non
1751 1119 1920 1196 copia
1959 1119 2146 1176 solum

207 1195 503 1312 ἕᾞῗίῇῃῑ
529 1196 615 1304 (ἐξ
658 1210 845 1267 omnis
876 1211 1101 1288 generis
1134 1211 1371 1288 frugum
1406 1211 1810 1286 abundantem,
1844 1215 1945 1272 sed
1976 1216 2148 1273 refer-

207 1329 345 1371 other
362 1327 617 1378 eonsu1‚ar-
658 1312 783 1362 tum
828 1306 1041 1384 praeda,
1072 1325 1246 1384 quam
1284 1307 1463 1366 effuse
1505 1309 1659 1368 avidi
1703 1317 1876 1389 atque
1915 1318 2146 1390 egentes

208 1397 284 1437 ter
300 1405 444 1504 ἔξω
474 1395 617 1504 ’311Ῑὲῐῖ
656 1402 971 1480 rapiebant.
1048 1403 1140 1460 Ibi
1168 1422 1272 1480 per
1298 1402 1422 1462 dies
1449 1403 1670 1484 aliquot
1697 1407 1904 1466 stativa
1929 1407 2141 1482 habita,
2167 1416 2241 1468 10

206 1473 333 1574 {affe
351 1473 423 1572 cg
442 1473 521 1570 ,Z
541 1529 557 1570 1
578 1539 615 1582 s,
658 1499 1020 1576 refectusque
1060 1499 1227 1558 miles
1259 1499 1514 1559 hibernis
1554 1503 1854 1562 itineribus
1892 1524 1956 1562 ac
1990 1505 2149 1582 palu-

206 1597 627 1640 marchestowards
667 1596 769 1652 stri
796 1595 889 1653 via
919 1595 1238 1673 proelioque
1269 1597 1454 1674 magis
1487 1598 1561 1656 ad
1594 1606 1860 1656 eventum
1897 1602 2146 1658 secundo

207 1665 370 1774 {³12⁰}ss
398 1667 479 1772 ἷζε
506 1663 616 1782 ἓξὲξ
659 1710 829 1769 quam
862 1691 975 1749 levi
1012 1698 1113 1750 aut
1144 1692 1303 1751 facili
1336 1693 1612 1752 adfectus.
1697 1694 1820 1753 Ubi
1855 1697 1992 1754 satis
2027 1698 2146 1774 qui-

208 1797 369 1840 —The
394 1796 616 1848 Sibyllino
658 1788 737 1846 eti
797 1787 997 1846 datum
1053 1788 1251 1867 praeda
1309 1809 1374 1848 ac
1435 1789 1906 1867 populationibus
1959 1793 2146 1868 magis

209 1864 616 1983 ἷζοξξὲοζέἓέἓῗ
656 1903 828 1961 quam
872 1884 995 1943 otio
1038 1891 1139 1943 aut
1178 1886 1373 1963 requie
1413 1885 1814 1962 gaudentibuS‚
1850 1886 2146 1962 profectus
2167 1893 2242 1945 15

210 1997 313 2040 tion
346 1997 401 2038 of
427 1997 611 2040 Fabius.
656 1979 1079 2038 Praetutianum
1114 1980 1475 2040 Hadrianum
1511 1999 1728 2058 agmm,
1761 1981 1980 2039 Marsos
2011 1982 2146 2040 inde

209 2091 283 2175 g}
277 2065 454 2174 52:1³¹?
488 2075 617 2108 vows
658 2075 1125 2155 Marrucinosque
1173 2083 1233 2134 et
1274 2076 1548 2156 Pelignos
1588 2077 1846 2136 devastat
1887 2078 2146 2156 circaque

443 2143 488 2184 μ
656 2173 851 2250 Arpos
892 2179 954 2231 et
992 2171 1290 2230 Luceriam
1331 2174 1653 2250 proximam
1693 2174 1924 2251 Apuliae
1965 2175 2148 2253 regio-

211 2290 368 2330 nem.
452 2269 557 2329 Cn.
584 2269 857 2328 Servilius
890 2268 1106 2341 consul,
1129 2269 1352 2328 levibus
1384 2270 1600 2348 proeliis
1633 2290 1764 2328 cum
1793 2271 1973 2330 Gallis
2005 2272 2148 2333 actis

212 2375 273 2427 et
303 2385 422 2426 uno
451 2367 669 2444 oppido
702 2366 946 2445 ignobili
980 2373 1326 2444 expugnate,
1351 2373 1659 2445 postquam
1687 2367 1760 2426 de
1787 2369 2021 2446 collegae
2055 2389 2148 2428 ex·
2166 2375 2244 2428 20

212 2464 541 2541 ercitusque
581 2463 737 2522 caede
778 2463 1015 2536 audivit,
1044 2463 1163 2540 jam
1204 2463 1494 2522 moenibus
1524 2465 1724 2542 patriae
1766 2473 2044 2538 metuenS,
2075 2487 2147 2524 ne

212 2561 441 2620 abesset
466 2561 528 2618 in
556 2560 885 2618 discrimine
912 2567 1185 2632 extreme,
1210 2560 1285 2618 ad
1311 2560 1512 2620 urbem
1540 2562 1650 2620 iter
1676 2564 1939 2622 intendit.

298 2657 367 2728 Q.
388 2658 599 2718 Fabius
625 2658 912 2716 Maximus
940 2659 1189 2717 dictator
1221 2659 1448 2730 iterum,
1475 2679 1589 2736 quo
1618 2659 1712 2717 die
1744 2663 2146 2738 magistratum

213 2755 365 2828 iniit,
386 2762 591 2814 vocato
620 2763 835 2828 senatu,
858 2755 929 2813 ab
952 2755 1065 2814 diis
1093 2775 1271 2828 orsus,
1293 2775 1423 2814 cum
1453 2755 1772 2814 edocuisset
1792 2764 1998 2834 patres,
2018 2758 2148 2834 plus

212 2853 580 2930 neglegentia
606 2853 1065 2910 caerimoniarum
1093 2853 1590 2930 auspiciorumque
1626 2871 1797 2928 quam
1825 2855 2145 2912 temeritate
2166 2860 2243 2910 25

213 2956 391 3028 atque
423 2949 653 3007 inscitia
677 2956 976 3027 peccatum
1006 2969 1039 3006 a
1066 2949 1129 3008 C.
1157 2947 1440 3006 Flaminio
1475 2947 1707 3004 consule
1741 2967 1878 3018 esse,
1904 2967 2147 3024 quaeque

212 3046 441 3124 piacula
472 3046 574 3104 irae
602 3046 776 3104 deum
808 3052 1013 3118 essent,
1036 3046 1194 3123 ipsos
1222 3045 1362 3104 deos
1395 3043 1774 3102 consulendos
1806 3063 1942 3114 esse,
1966 3045 2148 3120 pervi-

213 3145 313 3216 cit,
350 3150 433 3215 ut,
465 3143 623 3220 quod
660 3161 779 3200 non
813 3143 995 3200 ferme
1030 3142 1352 3200 decernitur
1391 3140 1503 3198 nisi
1536 3159 1669 3197 cum
1703 3145 1851 3197 tetra
1881 3140 2148 3217 prodigia

212 3241 483 3298 nuntiata
516 3245 664 3312 sunt,
697 3239 1005 3297 decemviri
1038 3238 1215 3296 libros
1250 3238 1565 3316 Sibyllinos
1606 3237 1762 3295 adire
1794 3235 2142 3313 juberentur.

214 3337 349 3410 Qui,
373 3337 647 3414 inspectis
672 3334 945 3394 fatalibus
972 3333 1147 3406 libris,
1167 3335 1509 3393 rettulerunt
1537 3334 1811 3412 patribuS,
1838 3334 1995 3412 quod
2022 3334 2147 3412 ejus
2167 3341 2240 3394 30

212 3435 352 3494 belli
380 3454 549 3492 causa
568 3440 768 3492 votum
798 3432 970 3490 Marti
990 3432 1161 3502 foret,
1182 3431 1260 3504 id,
1280 3450 1397 3489 non
1427 3433 1536 3490 rite
1563 3433 1803 3504 factum,
1819 3432 1891 3490 de
1921 3431 2146 3510 integro

212 3538 387 3609 atque
438 3531 683 3606 amplius
726 3527 1063 3586 faciundum
1110 3545 1268 3599 esse3
1313 3534 1370 3584 et
1413 3527 1451 3584 J
1453 3529 1547 3584 ovi
1592 3528 1760 3586 ludos
1803 3547 2044 3605 magnos
2089 3537 2148 3586 et

214 3627 371 3698 aedes
400 3627 614 3686 Veneri
646 3626 911 3702 Erycinae
954 3643 1019 3680 ac
1058 3623 1242 3680 Menti
1275 3623 1562 3681 vovendas
1600 3644 1738 3696 esse,
1769 3631 1827 3682 et
1869 3624 2148 3700 supplica-

212 3724 435 3796 tionem
479 3722 1003 3796 lectisterniumque
1051 3717 1396 3789 habendum,
1435 3725 1494 3775 et
1535 3739 1632 3776 ver
1680 3737 1901 3777 sacrum
1941 3736 2146 3774 voven-
