2459 3967
278 167 405 255 102
1106 149 1239 224 ’11Τῖ
1264 184 1388 223 uvr
1956 162 2107 243 [Lm.
2134 169 2216 228 ΙΙ.

1189 406 1297 466 ΙΧ.

327 570 366 613 P
368 581 498 612 omen
504 582 543 623 a
563 570 682 622 king
803 524 938 583 Jam
972 523 1271 601 Tarquinii
1304 522 1382 580 ad
1414 522 1643 581 Lartem
1677 523 1992 583 Porsenam
2034 525 2219 585 Clusi-

277 637 334 681 or
383 636 560 679 clusi
577 647 603 677 u
621 648 679 687 m,
723 640 864 677 num
892 639 1115 698 regem„
1129 618 1519 698 perfugerant.
1591 618 1682 677 Ibi
1710 621 2006 679 miscendo
2036 623 2220 680 consi-

278 703 472 816 ζῗβὲ
464 702 746 815 Ἐξτθοζ
725 714 870 791 {ium
898 720 1230 797 predesque,
1254 735 1408 774 nunc
1450 716 1708 789 orabant,
1731 736 1805 775 ne
1838 738 1917 790 se,
1936 718 2219 777 oriundos

279 837 358 879 the
389 836 629 902 Tarquiqs
633 860 684 869 ..
725 833 794 871 ex
849 808 1148 907 Etruscls,
1165 812 1425 888 ejusdem
1482 814 1777 891 sanguinis
1832 815 2215 894 nominisque,

249 904 683 1015 Ῑᾶῑὲἱῗὲζῑξθζὶξ
713 892 1257 1001 egentes}exsula1=e
1306 916 1635 987 pateretur·
1622 954 1637 983 ,
1696 930 1849 968 nunc
1900 910 2217 970 monebant
2284 916 2323 967 5

278 990 550 1081 {unctorum
569 1038 680 1081 sen-
721 988 913 1078 etiam,
937 998 1008 1063 ne
1039 990 1319 1063 orientem
1349 1025 1572 1063 morem
1600 1005 1855 1083 pellendi
1883 1026 2046 1085 reges
2073 1008 2220 1066 inul-

279 1111 354 1149 ate
382 1105 581 1149 towards
609 1106 686 1148 the
727 1109 856 1160 tum
902 1101 1130 1159 sineret.
1215 1100 1369 1159 Satis
1414 1102 1737 1161 libertatem
1789 1104 1973 1181 ipsam
2003 1098 2215 1163 habere

278 1174 456 1226 Peme·
721 1198 1072 1257 dulcedinis:
1116 1197 1229 1255 nisi
1262 1205 1479 1276 quanta
1512 1200 1569 1257 vi
1606 1200 1869 1259 civitates
1896 1220 2023 1258 eam
2052 1217 2220 1279 expe—

279 1302 424 1367 tant,
447 1301 610 1353 tanta
650 1314 826 1373 regna
874 1314 1036 1373 reges
1078 1295 1411 1368 defendant,
1447 1297 1662 1374 aequari
1705 1316 1929 1355 summa
1969 1297 2217 1371 infimis3

279 1391 427 1449 nihil
462 1391 766 1464 excelsum,
792 1391 937 1450 nihil
972 1392 1130 1470 quod
1165 1412 1339 1470 supra
1372 1400 1559 1452 cetera
1591 1394 1857 1466 emineat,
1881 1395 1943 1452 in
1977 1396 2222 1453 civitati·
2240 1404 2326 1457 10

278 1488 388 1547 bus
415 1480 588 1561 ⁴fore3
631 1489 828 1547 adesse
869 1488 1042 1547 finem
1086 1489 1294 1567 regniS‚
1325 1491 1409 1549 rei
1456 1491 1607 1549 inter
1656 1491 1795 1549 deos
1842 1491 2219 1570 hominesque

279 1586 698 1666 pulcherrimae.
783 1586 1054 1659 Porsena,
1079 1606 1212 1645 cum
1246 1607 1439 1665 regem
1476 1606 1597 1645 esse
1624 1587 1847 1661 Romae,
1870 1596 1997 1647 tum
2026 1589 2221 1647 Etru&

280 1703 364 1743 cae
397 1683 588 1763 gentis
629 1702 841 1761 regem,
867 1684 1124 1761 amplum
1158 1684 1362 1743 Tuscis
1402 1692 1575 1757 ratuS,
1600 1684 1848 1743 Romam
1882 1686 2102 1745 infesto
2128 1706 2220 1744 ex-

281 1783 463 1841 ercitu
485 1782 660 1840 venit.
733 1780 792 1839 N
793 1800 868 1839 on
898 1800 1174 1859 umquam
1204 1781 1343 1839 alias
1370 1788 1503 1840 ante
1523 1788 1720 1840 tantus
1747 1790 1931 1841 terror
1958 1790 2219 1841 senatum

280 1881 524 1939 invasit:
569 1879 714 1938 adeo
743 1863 935 1937 valida
961 1898 1050 1936 res
1077 1885 1202 1936 tum
1235 1878 1473 1937 Clusina
1499 1887 1635 1951 erat,
1658 1898 2049 1958 magnumque
2080 1881 2222 1939 Por·
2242 1887 2322 1939 15

282 1998 434 2037 senae
463 1997 692 2035 nomen.
779 1976 906 2035 Nec
935 1974 1134 2033 hostes
1165 1976 1344 2034 modo
1373 1976 1673 2049 timebant,
1698 1977 1801 2035 sed
1828 1985 2082 2035 suosmet
2110 1978 2223 2056 ipsi

282 2077 450 2147 civeS,
475 2095 548 2132 ne
581 2074 846 2133 Romana
873 2072 1038 2151 plebs
1063 2080 1224 2131 metu
1254 2073 1529 2150 perculsa,
1553 2074 1797 2151 receptis
1823 2074 1884 2131 in
1912 2074 2111 2131 urbem
2139 2092 2225 2132 re—

281 2172 468 2249 gibuS,
492 2172 580 2229 vel
605 2191 736 2229 cum
767 2173 1040 2230 servitute
1071 2191 1273 2249 pacem
1302 2171 1600 2248 acciperet.
1666 2170 1852 2229 Multa
1867 2171 2045 2248 igitur
2064 2172 2225 2229 blan-

283 2270 541 2327 dimenta
572 2269 728 2346 plebi
761 2288 865 2345 per
896 2269 958 2326 id
991 2276 1222 2345 tempus
1256 2267 1327 2327 ab
1371 2275 1570 2326 senatu
1612 2268 1764 2327 data.
1847 2269 2116 2327 Annonae
2156 2270 2223 2327 in

281 2365 484 2444 primis
524 2365 724 2423 habita
764 2384 913 2438 cura,
951 2373 1010 2424 et
1049 2366 1123 2425 ad
1164 2366 1522 2423 frumentum
1569 2366 2018 2443 comparandum
2056 2366 2223 2425 missi
2244 2375 2329 2427 20

283 2462 382 2520 alii
414 2464 474 2520 in
503 2462 765 2534 Vols-cOS,
789 2462 887 2521 alii
921 2463 1149 2521 Cumas,
1237 2462 1383 2520 Salis
1418 2482 1647 2540 quoque
1681 2463 1967 2521 vendendi
2000 2463 2224 2521 arbitri-

281 2580 400 2631 um,
423 2560 558 2637 quia
583 2560 847 2637 impenso
875 2561 1062 2637 pretio
1087 2560 1335 2632 venibat,
1360 2561 1420 2619 in
1448 2560 1746 2637 publicum
1774 2561 1937 2617 omni
1964 2568 2219 2637 sumptu,

283 2656 620 2735 ademptum
651 2656 904 2735 privatis,
977 2657 1376 2735 Portoriisque
1406 2664 1465 2715 et
1492 2656 1713 2715 tributo
1742 2656 1938 2735 plebes
1964 2656 2219 2731 liberata,

283 2760 350 2811 ut
398 2752 608 2812 divites
656 2754 1000 2827 conferrent,
1033 2754 1133 2832 qui
1175 2754 1337 2813 oneri
1376 2754 1617 2813 ferendo
1667 2761 1892 2811 essent:
1923 2773 2223 2831 pauperes

285 2851 427 2909 satis
471 2851 746 2929 stipendii
793 2852 1059 2929 pendere,
1092 2852 1140 2908 si
1182 2850 1392 2909 liberos
1434 2850 1757 2908 educerent.
1842 2850 2047 2928 Itaque
2094 2850 2221 2910 haec
2242 2859 2327 2911 25

283 2949 645 3028 indulgentia
684 2956 932 3025 patrum,
957 2948 1171 3026 asperis
1203 2948 1579 3025 postmodum
1615 2947 1784 3005 rebus
1817 2947 1877 3004 in
1920 2947 2223 3007 obsidione

283 3068 348 3107 ac
377 3048 548 3120 fame,
573 3047 716 3105 adeo
747 3046 1089 3104 concordem
1119 3046 1411 3103 civitatem
1440 3044 1642 3116 tenuit,
1664 3051 1731 3102 ut
1756 3044 1979 3121 regium
2007 3064 2222 3103 nomen

282 3164 402 3203 non
430 3144 641 3203 summi
667 3143 854 3220 magis
883 3162 1055 3219 quam
1077 3141 1263 3199 infimi
1283 3142 1596 3213 horrerent,
1620 3160 1725 3199 nec
1748 3141 2049 3219 quisquam
2072 3162 2223 3201 unus

282 3241 449 3297 malis
493 3240 712 3298 artibus
754 3245 956 3315 postea
992 3245 1112 3296 tam
1153 3238 1450 3317 popularis
1492 3244 1657 3310 esset,
1690 3257 1861 3316 quam
1904 3245 2031 3297 tum
2075 3238 2223 3298 bene

283 3335 622 3411 imperando
649 3335 946 3392 universus
975 3342 1204 3393 senatus
1232 3335 1366 3395 fuit.
2244 3338 2322 3391 30
