2459 3967
224 178 375 238 Cu».
398 175 555 256 XL]
807 197 884 235 AB
924 198 1079 238 unsa
1116 198 1380 238 comum
1422 199 1599 240 unm.
2039 185 2164 248 201

226 340 288 397 in
331 339 563 398 Italiam
606 346 957 418 transgresso
999 340 1332 412 Hannibali,
1363 341 1658 400 Hannibal
1695 347 1754 402 et
1793 349 2004 402 conatu
2045 349 2165 402 tam

225 437 432 495 audaci
460 436 927 514 trajiciendarum
956 436 1199 515 Alpium
1228 445 1288 496 et
1321 438 1546 496 effectu.
2185 446 2260 498 30

307 533 633 611 Occupavit
666 541 861 592 tamen
894 533 1092 612 Scipio
1126 533 1354 592 Padum
1388 535 1666 612 trajicere,
1696 543 1756 594 et
1791 536 1867 594 ad
1899 536 2165 596 Ticinum

226 649 460 688 amnem
498 630 679 688 motis
720 631 934 703 castris,
966 631 1297 708 priusquam
1335 631 1602 691 educeret
1632 633 1692 690 in
1735 634 1932 707 aciem,
1963 635 2167 694 adhor-

226 727 541 785 tandorum
568 725 821 786 militum
850 745 1019 786 causa
1043 727 1217 786 talem
1247 728 1566 786 orationem
1595 735 1682 786 est
1708 747 1954 790 exorsus

1132 905 1258 964 XL.

278 1073 529 1127 naraugue
572 1074 627 1117 or
757 1020 791 1049 ‘⁴
810 1020 873 1080 Si
896 1040 1027 1080 eum
1051 1020 1381 1093 exercitum,
1400 1019 1630 1094 milites,
1651 1020 1951 1080 educerem
1973 1022 2034 1080 in
2057 1023 2167 1082 aci-

228 1141 309 1183 tne
330 1141 491 1183 consul
510 1141 635 1194 εωρ-
675 1136 785 1191 em,
817 1136 988 1195 quem
1020 1117 1081 1175 in
1115 1116 1304 1174 Gallia
1334 1135 1562 1176 mecum
1597 1117 1791 1191 habui,
1823 1119 2166 1196 supersedis-

228 1207 277 1250 ¹⁰
329 1212 379 1250 ω
425 1209 498 1251 ¹¹1⁸
540 1209 631 1250 ⁸⁰¹·
672 1232 793 1272 sem
826 1213 990 1291 loqui
1022 1213 1176 1292 apud
1210 1231 1354 1272 vos:
1395 1213 1537 1291 quid
1570 1214 1723 1273 enim
1759 1214 2050 1274 adhortari
2081 1235 2164 1274 re-

228 1274 367 1317 αἰψ’
671 1310 847 1368 ferret
880 1316 980 1368 aut
1012 1327 1111 1368 eos
1144 1310 1384 1387 equites,
1417 1311 1519 1388 qui
1551 1311 1873 1388 equitatum
1905 1295 2162 1370 hostium

228 1407 307 1466 ad
346 1407 698 1466 Rhodanum
744 1406 961 1465 flumen
1008 1407 1236 1488 egregie
1277 1407 1562 1480 vicissent,
1599 1409 1719 1468 aut'
1747 1428 1842 1466 eas
1889 1409 2161 1486 legioneS,
2225 1418 2260 1470 5

228 1524 364 1564 cum
394 1505 602 1582 quibus
628 1503 952 1583 fugientem
979 1502 1134 1562 hunc
1160 1505 1355 1582 ipsum
1381 1504 1608 1564 hostem
1639 1513 1867 1564 secutus
1894 1507 2167 1566 confessi-

196 1639 203 1643 ·
228 1621 403 1661 onem
436 1602 693 1684 cedentis
718 1621 785 1660 ac
811 1602 1183 1661 detractantis
1216 1609 1504 1660 certamen
1536 1621 1644 1679 pro
1676 1603 1918 1661 victoria
1945 1603 2165 1662 habui?

227 1699 291 1758 N
292 1719 420 1772 unc,
453 1700 589 1778 quia
628 1699 737 1758 ille·
766 1699 1063 1771 exercitae,
1093 1699 1394 1777 Hispaniae
1436 1698 1748 1777 provinciae
1790 1700 2052 1776 scriptus,
2082 1699 2166 1757 ibi

228 1817 364 1856 cum
398 1797 575 1856 fratre
612 1796 717 1855 Cn.
744 1795 1015 1874 Scipione
1054 1796 1200 1854 meis
1241 1796 1512 1873 auspiciis
1547 1815 1669 1853 rem
1702 1796 1867 1873 gerit,
1898 1794 1999 1852 ubi
2033 1814 2166 1852 eum

228 1913 427 1973 gerere
470 1901 699 1952 senatus
731 1893 1093 1972 populusque
1134 1893 1432 1951 Romanus
1474 1892 1672 1964 voluit,
1703 1911 1829 1969 eg0,
1859 1898 1926 1949 ut
1967 1910 2168 1948 consu·
2189 1898 2264 1950 10

228 1993 345 2051 lem
377 1993 585 2050 ducem
627 1993 895 2050 adversus
927 1990 1316 2049 Hannibalem
1358 2010 1423 2048 ac
1461 1989 1676 2047 Poenos
1712 1988 2013 2060 haberetis,
2045 1989 2167 2064 ipse

226 2109 325 2148 me
362 2089 498 2148 huic
535 2089 858 2148 voluntario
885 2088 1184 2147 certamini
1199 2087 1420 2160 “obtuli,
1451 2106 1603 2144 novo
1637 2084 1971 2164 imperatori
2011 2084 2168 2162 apud

228 2206 413 2246 novos
457 2185 671 2244 milites
709 2205 893 2263 pauca
930 2184 1101 2242 verba
1137 2183 1404 2242 facienda
1444 2162 1592 2242 sunt.
1607 2199 1637 2254 ·.,,
1678 2182 1768 2240 Ne
1809 2201 1991 2260 genus
2031 2181 2168 2239 belli

226 2285 373 2342 neve
417 2283 648 2342 hostem
692 2282 987 2361 ignoretiS,
1018 2301 1149 2341 cum
1196 2281 1268 2338 iis
1314 2288 1401 2339 est
1440 2280 1620 2358 vobis,
1651 2279 1879 2355 milites,
1909 2264 2170 2357 pugnanss
2205 2319 2225 2334 .

226 2381 391 2453 dum,
418 2399 564 2458 quos
596 2386 747 2438 terra
779 2379 1037 2467 marique
1070 2375 1262 2455 priore
1279 2360 1440 2437 bello
1468 2373 1721 2450 iicistis3
1763 2397 1798 2456 a
1831 2376 2039 2458 quibup
2073 2376 2169 2434 sti·
2191 2379 2265 2432 15

226 2478 510 2556 pendium
552 2465 655 2554 per
693 2476 902 2554 viginti
944 2495 1125 2533 annos
1161 2475 1472 2552 exegisti83
1515 2479 1550 2532 a
1582 2475 1790 2552 quibus
1831 2481 2001 2550 capta
2031 2473 2168 2531 belli

228 2575 474 2653 praemia
506 2573 761 2632 Siciliam
804 2575 869 2630 ac
904 2571 1224 2630 Sardiniam
1260 2571 1500 2630 habetis
1515 2554 1537 2570 ”
1584 2571 1712 2643 Brit
1745 2571 1922 2650 igitur
1961 2571 2022 2628 in
2055 2569 2178 2638 hoc,

229 2672 543 2731 certamine
586 2671 635 2728 is
667 2670 831 2729 vobis
872 2670 1098 2747 illisque
1132 2654 1374 2740 animim,
1408 2656 1507 2746 qui
1548 2668 1862 2727 victoribus
1903 2675 1962 2726 et
2002 2666 2168 2725 vietis

230 2789 354 2828 esse
383 2768 545 2828 solet.
630 2767 752 2826 Nec
785 2786 939 2825 nunc
970 2766 1071 2838 illi,
1100 2767 1233 2844 quia
1261 2767 1489 2836 audent,
1516 2764 1616 2822 sed
1645 2766 1779 2844 quia
1805 2783 2034 2822 necesse
2062 2770 2166 2834 est,

228 2866 547 2946 pugnaturi
578 2871 730 2937 suut,
760 2864 872 2922 nisi
905 2864 1152 2934 creditiS,
1186 2863 1286 2940 qui
1320 2861 1570 2920 exercitu
1605 2861 1879 2918 incolumi
1911 2878 2166 2936 pugnam
2190 2864 2267 2917 20

232 2963 636 3034 detractavere,
667 2981 766 3020 eos
807 2960 1029 3019 duabus
1070 2959 1332 3037 partibus
1372 2956 1632 3035 peditum
1685 2956 2059 3032 equitumque
2106 2955 2168 3012 in

233 3062 479 3119 transitu
507 3041 745 3138 Alpium
781 3059 1021 3131 amissiS,
1051 3076 1183 3116 cum
1224 3056 1416 3134 plures
1453 3052 1728 3130 perierint
1766 3070 1937 3130 quam
1979 3068 2170 3127 super-

234 3159 366 3227 sint,
390 3158 523 3236 plus
550 3158 673 3236 spei
700 3152 901 3218 nactos
928 3174 1066 3214 esse.
1150 3153 1238 3212 At
1265 3153 1417 3212 enim
1447 3150 1616 3229 pauci
1645 3149 1876 3227 quidem
1907 3153 2041 3204 sunt
2069 3147 2170 3204 sed

233 3257 495 3334 vigentes
532 3254 739 3312 animis
780 3252 1246 3331 corporibusque,
1277 3267 1520 3329 quorum
1559 3246 1766 3305 robora
1796 3264 1861 3303 ac
1893 3244 2041 3304 vires
2074 3243 2190 3318 vix,

236 3351 503 3411 sustineri
537 3351 622 3408 vis
654 3350 771 3408 ulla
802 3350 1001 3427 possit.
1087 3346 1339 3424 Effigies,
1370 3346 1552 3402 immo
1590 3342 1810 3401 umbrae
1844 3341 2165 3415 hominum,
2191 3347 2266 3402 25

234 3454 408 3525 fame,
426 3451 659 3529 frigore,
676 3450 886 3522 illuvie,
908 3447 1169 3527 squalore
1200 3445 1402 3517 enecti,
1424 3444 1648 3502 contusi
1677 3463 1741 3501 ac
1771 3443 2057 3502 debilitati
2088 3443 2172 3501 in-

234 3558 322 3610 ter
349 3569 487 3607 saxa
511 3565 823 3626 rupesque:
866 3546 941 3604 ad
970 3545 1079 3603 hoc
1106 3542 1341 3620 praeusti
1367 3548 1538 3612 artae,
1555 3540 1686 3598 nive
1714 3541 1964 3618 rigentes
1992 3539 2166 3607 nervi,

234 3645 497 3706 membra
515 3643 735 3703 torrida
749 3643 897 3721 gelu,
916 3645 1181 3720 quassata
1199 3639 1496 3714 fractaque
1519 3655 1690 3708 arma,
1711 3636 1899 3694 claudi
1927 3653 1992 3690 ac
2015 3631 2171 3689 debi-

236 3743 317 3804 les
344 3744 591 3824 equiqz
626 3759 760 3800 cum
779 3739 891 3797 hoc
920 3737 1129 3816 equite,
1150 3753 1283 3792 cum
1310 3733 1424 3791 hoc
1443 3733 1641 3809 pedite
1661 3728 1973 3809 pugnaturi
1996 3725 2168 3794 estis;

1157 3830 1186 3888 I
1215 3836 1250 3887 2
2147 3833 2152 3840 '
