2459 3967
272 204 423 262 CAP.
450 201 571 281 LI.]
838 221 915 259 AB
959 221 1114 261 URBE
1159 220 1424 261 oonm‘rA
1468 222 1643 261 unm.
2082 203 2209 266 149

271 363 354 422 lio
388 363 503 421 loci
543 364 818 441 paucitas,
849 364 911 421 ni
941 362 1084 440 jugo
1125 363 1551 422 circummissus
1584 363 1800 423 Veiens
1841 365 1901 421 in
1936 364 2208 422 verticem
2230 371 2302 423 35

273 460 438 519 collis
484 460 765 522 evasisset.
851 460 943 518 Ita
985 461 1245 540 superior
1289 480 1480 519 rursus
1524 460 1709 517 hostis
1756 460 1959 519 factus.
2047 461 2209 519 Fabii

273 559 412 617 caesi
445 558 520 615 ad
548 577 728 615 unum
759 576 976 631 01111188,
995 557 1444 638 praesidiumque
1478 565 1887 636 expugnatum.
1970 558 2211 616 Trecen-

271 662 368 713 tos
403 674 500 712 sex
533 654 746 731 perisse
788 654 925 712 satis
958 654 1260 725 convenit;
1302 673 1483 719 unum
1516 674 1697 731 prope
1730 654 2005 733 puberem
2041 661 2210 714 aetate

272 751 556 823 relictum,
581 751 819 829 stirpem
840 752 1004 829 genti
1025 751 1235 823 Fabiae,
1260 751 1563 829 dubiisque
1592 751 1759 809 rebus
1779 752 1981 829 populi
2002 752 2211 810 Roma-

273 848 338 905 ni
366 866 520 926 saepe
549 847 711 906 domi
737 846 986 926 bellique
1014 848 1104 907 vel
1131 846 1448 905 maximum
1477 847 1740 905 futurum
1768 848 2059 907 auxilium.
2229 852 2301 906 40

1198 1025 1293 1085 LI.

327 1166 425 1207 'rhe
438 1166 680 1209 Etruriam
799 1140 949 1201 Cum
989 1141 1115 1199 haec
1157 1146 1393 1219 accepta
1424 1140 1613 1199 clades
1652 1147 1755 1214 est,
1786 1140 1905 1219 jam
1939 1141 2003 1200 C.
2030 1142 2213 1200 Hora-

277 1232 414 1309 seiza·
438 1244 562 1283 “9⁰¹²
602 1232 680 1274 ‘¹¹0
720 1239 838 1296 tius
865 1246 923 1297 et
949 1238 1014 1296 T.
1039 1238 1343 1297 Menenius
1370 1237 1631 1297 consules
1658 1245 1833 1296 erant.
1912 1238 2213 1297 Menenius

275 1300 682 1407 Ἐῗὲῖ-Πζὲζὲξζι
723 1336 989 1393 adversus
1017 1334 1235 1393 Tuscos
1262 1334 1503 1394 victoria
1534 1334 1715 1393 elatos
1746 1336 2053 1393 confestim
2080 1336 2213 1392 mis—

269 1430 682 1507 ‘encounterffithey
725 1450 833 1489 8118.
918 1430 1068 1489 Τ11111
1104 1450 1333 1509 quoque
1364 1429 1513 1490 male
1546 1438 1869 1508 pugnatum
1902 1438 2003 1505 est,
2036 1438 2093 1490 et
2120 1432 2158 1490 J
2160 1452 2214 1489 a-

277 1506 406 1614 get
415 1505 454 1604 1?
457 1497 591 1603 :3th
592 1495 682 1603 ἓξὲξ
723 1526 978 1585 niculum
1023 1526 1220 1584 hostes
1266 1545 1647 1604 occupavere;
1695 1527 2034 1606 obsessaque
2077 1528 2213 1587 urbs
2273 1533 2308 1585 5

278 1630 528 1705 stratagem
543 1630 684 1671 astho
723 1623 892 1696 foret,
917 1642 1088 1700 super
1118 1622 1335 1681 bellum
1368 1642 1596 1680 annona
1625 1630 1921 1700 premente
1958 1620 2215 1699 (transie-

277 1693 428 1737 Fabii.
721 1726 850 1777 rant
879 1720 1033 1777 enim
1055 1718 1284 1777 Etrusci
1304 1716 1606 1795 Tiberim),
1625 1719 1687 1776 ni
1708 1719 1987 1777 Horatius
2015 1720 2213 1777 consul

281 1835 351 1873 ex
380 1812 610 1875 Volscis
643 1823 792 1873 esset
824 1822 1153 1875 revocatus:
1197 1816 1455 1893 adeoque
1488 1816 1551 1873 id
1583 1814 1796 1873 bellum
1830 1816 1971 1892 ipsis
2002 1816 2215 1875 institit

278 1912 586 1985 moenibus,
616 1919 683 1971 ut
715 1913 904 1990 primo
938 1917 1258 1991 pugnatum
1294 1911 1369 1969 ad
1402 1911 1542 1990 Spei
1573 1912 1648 1969 sit
1682 1930 1849 1989 aequo
1884 1911 2081 1985 Marte,
2113 1914 2215 1971 ite-

279 2030 411 2068 rum
444 2010 519 2068 ad
551 2017 780 2087 portam
815 2008 1116 2069 Collinam.
1201 2009 1295 2069 Ibi
1329 2027 1677 2087 quamquam
1711 2027 1887 2086 parvo
1916 2016 2212 2068 momento
2235 2014 2309 2068 10

283 2108 544 2186 superior
575 2108 840 2166 Romana
871 2127 961 2167 res
993 2107 1126 2179 fuit,
1151 2107 1448 2165 meliorem
1476 2113 1668 2165 tamen
1698 2106 1958 2180 militem,
1982 2113 2213 2186 recepto

282 2205 526 2283 pristino
555 2206 768 2277 anim0,
793 2206 853 2262 in
881 2205 1080 2287 futura
1106 2204 1313 2282 proelia
1338 2204 1399 2261 id
1427 2210 1715 2263 certamen
1742 2204 1896 2263 fecit.
1980 2203 2053 2261 A.
2075 2204 2217 2263 Ver-

280 2300 476 2378 ginius
505 2307 562 2359 et
590 2300 688 2377 Sp.
713 2300 987 2358 Servilius
1015 2298 1277 2358 consules
1304 2298 1466 2359 fiunt.
1544 2299 1689 2357 Post
1716 2306 2005 2377 acceptam
2028 2300 2217 2377 proxi-

281 2417 438 2455 mam
461 2416 675 2475 pugnae
698 2397 920 2455 cladem
933 2398 1208 2457 Veientes
1229 2396 1556 2455 abstinuere
1584 2398 1718 2455 acie.
1803 2397 2217 2475 Populationes
2277 2453 2287 2459 .

283 2500 462 2566 erant,
488 2500 547 2552 et
579 2494 736 2551 velut
769 2494 840 2552 ab
875 2513 1001 2552 arce
1033 2493 1285 2552 Janiculi
1317 2494 1530 2571 passim
1564 2494 1625 2551 in
1652 2494 1979 2553 Romanum
2013 2514 2215 2573 agrum
2237 2498 2310 2553 15

282 2591 538 2669 impetus
581 2590 812 2649 dabant.
898 2590 957 2649 Ν
959 2610 1034 2649 011
1080 2610 1323 2667 usquam
1368 2610 1575 2667 pecora
1616 2597 1760 2663 tuta,
1801 2611 1916 2649 non
1967 2599 2217 2669 agrestes

283 2694 462 2746 erant.
547 2686 721 2766 Capti
749 2687 958 2746 deinde
991 2687 1192 2745 eadem
1221 2693 1342 2745 arte
1375 2694 1525 2759 sunt,
1552 2706 1665 2764 qua
1695 2695 1962 2765 ceperant
1991 2689 2211 2747 Fabios

285 2784 482 2843 Secuti
527 2783 725 2842 dedita
769 2804 942 2862 opera
985 2784 1199 2862 passim
1246 2784 1320 2841 ad
1363 2783 1654 2842 illecebras
1697 2784 1970 2862 propulsa
2011 2804 2218 2863 pecora

284 2882 716 2959 praecipitavere
759 2882 822 2939 in
863 2881 1134 2939 insidias:
1180 2900 1295 2959 quo
1344 2880 1535 2958 plures
1582 2888 1758 2952 erant,
1802 2882 1989 2957 major
2032 2883 2217 2940 caedes

285 2978 415 3036 fuit.
502 2978 591 3035 Ex
618 2978 725 3036 hac
755 2978 912 3037 clade
941 2985 1105 3037 atrox
1133 2978 1219 3035 ira
1244 2975 1481 3054 majoris
1509 2975 1687 3033 cladis
1714 2996 1883 3034 causa
1914 2983 2085 3054 atque
2111 2978 2216 3035 ini-
2236 2986 2311 3039 20

284 3076 434 3134 tium
468 3074 600 3133 fuit.
685 3074 950 3153 Trajecto
985 3076 1140 3133 enim
1173 3082 1345 3133 nocte
1372 3073 1582 3145 Tiberi,
1614 3080 1797 3131 castra
1829 3073 2055 3131 Servilii
2088 3093 2218 3131 con-

287 3172 424 3229 sulis
453 3172 642 3230 adorti
670 3178 804 3231 sunt
831 3190 1195 3250 oppugnare:
1238 3172 1375 3230 inde
1403 3172 1520 3229 fusi
1546 3190 1758 3247 magna
1790 3171 1946 3229 caede
1973 3169 2033 3227 in
2061 3171 2218 3229 Jani-

285 3269 479 3328 culum
515 3289 574 3327 se
619 3288 771 3347 segre
812 3288 1087 3347 recepere.
1175 3267 1501 3327 Confestim
1536 3267 1733 3327 consul
1768 3274 1827 3326 et
1858 3268 1981 3345 ipse
2012 3269 2218 3328 transit

284 3366 561 3438 Tiberim,
592 3373 778 3424 castra
810 3367 916 3425 sub
948 3366 987 3424 J
988 3365 1214 3423 aniculo
1249 3366 1585 3425 communit.
1671 3365 1913 3424 Postero
1951 3365 2061 3439 die,
2092 3366 2218 3424 luce

285 3470 427 3536 orta,
460 3463 725 3522 nonnihil
759 3470 818 3522 et
848 3464 1116 3522 hesterna
1147 3462 1425 3522 felicitate
1458 3482 1671 3540 pugnas
1707 3464 1889 3535 ferox,
1920 3465 2105 3541 magis
2136 3470 2219 3521 ta-
2236 3469 2311 3521 25

285 3580 436 3633 men,
463 3560 620 3638 quod
651 3560 850 3638 inopia
882 3560 1178 3631 frumenti,
1211 3560 1472 3637 quamvis
1503 3558 1564 3616 in
1599 3559 1935 3636 praecipitia,
1960 3560 2100 3616 dum
2133 3577 2219 3615 ce-

282 3658 490 3716 leriora
531 3665 736 3731 essent,
773 3658 980 3736 agebat
1020 3656 1275 3728 consilia,
1304 3662 1518 3713 temere
1558 3655 1797 3713 adverso
1838 3654 1877 3712 J
1878 3654 2103 3711 aniculo
2144 3652 2219 3709 ad

215 3830 222 3843 ἡ
283 3762 470 3815 castra
507 3755 766 3817 hostium
807 3756 988 3814 aciem
1023 3752 1218 3823 erexit,
1254 3751 1583 3827 foediusque
1623 3751 1759 3809 inde
1799 3748 2013 3825 pulsae,
2046 3765 2213 3824 quam
