2459 3967
305 196 388 257 34
1125 212 1239 251 'rm
1284 211 1407 249 mvi
2014 186 2165 265 [Lis.
2194 189 2238 248 Ι.

304 356 613 414 Herculem
657 355 954 413 convertit.
1040 354 1227 423 Quem
1270 371 1405 412 cum
1444 352 1521 411 ad
1560 352 1893 430 speluncam
1934 352 2243 410 vadentem
2264 357 2339 408 35

305 455 488 512 Cacus
510 455 566 511 vi
587 453 890 532 prohibere
919 459 1159 510 conatus
1187 457 1351 521 esset,
1376 450 1525 508 ictus
1554 450 1725 521 clava,
1750 449 1921 507 fidem
1944 457 2245 527 pastorum

304 552 656 629 nequiquam
685 550 974 620 invocans,
997 554 1184 605 morte
1214 546 1499 605 occubuit.
1584 546 1849 603 Evander
1869 553 1995 603 tum
2018 566 2099 617 ea,
2116 565 2247 623 pro-

304 648 482 725 fugus
513 667 583 706 ex
617 646 1038 724 PeloponnesO,
1067 644 1409 703 auctoritate
1444 643 1629 721 magis
1663 663 1835 721 quam
1876 643 2122 721 imperio
2164 662 2249 701 re-

305 745 480 821 gebat
518 744 681 815 loca3
737 741 1074 801 venerabilis
1115 742 1204 799 vir
1250 741 1525 799 miraculo
1568 741 1903 812 litterarum,
1947 741 2029 798 rei
2076 760 2247 799 novae

305 842 457 902 inter
495 840 666 899 rudes
705 840 916 898 artium
957 838 1239 909 homines,
1270 837 1649 897 venerabilior
1685 838 1985 896 divinitate
2030 838 2250 895 credita
2268 844 2341 895 40

307 936 630 996 Carmentae
665 938 880 1009 matris,
913 955 1086 1014 quam
1119 935 1465 1011 fatiloquam
1499 942 1631 993 ante
1660 934 1895 1011 Sibyllae
1930 936 1989 992 in
2020 935 2247 993 Italiam

307 1035 617 1094 adventum
667 1035 889 1093 miratae
945 1052 1030 1091 eae
1079 1040 1285 1110 gentes
1332 1032 1579 1091 fuerant.
1679 1031 1738 1090 Is
1785 1040 1909 1089 tum
1962 1032 2245 1105 Evander,

307 1150 586 1189 concursu
625 1139 921 1208 pastorum
955 1129 1369 1207 trepidantium
1413 1129 1563 1187 circa
1602 1128 1880 1201 advenam
1920 1128 2247 1185 manifestae

308 1246 468 1285 reum
509 1228 684 1285 caedis
723 1228 960 1297 excituS,
991 1233 1299 1304 postquam
1333 1225 1559 1283 facinus
1590 1225 1975 1302 facinorisque
2016 1244 2249 1283 causam

307 1324 545 1395 audivit,
576 1322 840 1381 habitum
869 1324 1232 1401 formamque
1260 1323 1367 1380 viri
1394 1322 1750 1399 aliquantum
1780 1321 2118 1399 ampliorem
2154 1342 2249 1379 au·
2268 1330 2341 1382 45

307 1420 741 1497 gustioremque
781 1420 1035 1477 humana
1072 1421 1323 1492 intuens,
1352 1420 1583 1497 rogitat,
1616 1419 1716 1497 qui
1749 1420 1836 1478 vir
1876 1426 2037 1477 esset.
2124 1419 2249 1479 Ubi

307 1534 522 1575 nomen
549 1524 887 1595 patremque
917 1536 982 1575 ac
1010 1518 1256 1594 patriam
1285 1517 1524 1594 accepit,
1550 1515 1584 1544 ‘⁴
1601 1516 1747 1575 Jove
1774 1522 1923 1588 nate,
1947 1516 2245 1589 HerculeS,

309 1612 459 1669 salve
474 1611 508 1639 ’'
549 1612 775 1689 inquit3
834 1613 868 1640 “
887 1620 948 1670 te
995 1612 1141 1670 mihi
1190 1619 1391 1684 mater,
1427 1612 1677 1670 veridica
1723 1612 2004 1689 interpres
2051 1612 2246 1685 deum,

307 1716 608 1769 aucturum
651 1710 965 1768 caelestium
1000 1729 1303 1767 numerum
1337 1710 1561 1782 cecinit,
1592 1709 1813 1786 tibique
1846 1727 2003 1766 aram
2035 1708 2133 1767 hic
2168 1710 2250 1767 di-

309 1812 502 1864 catum
531 1806 618 1879 iri,
650 1824 824 1883 quam
852 1804 1289 1887 opulentissima
1314 1804 1455 1862 olim
1484 1805 1545 1862 in
1572 1804 1737 1863 terris
1762 1822 1905 1881 gens
1932 1803 2245 1863 Maximam
2270 1812 2339 1863 50

307 1911 474 1963 vocet
501 1911 719 1983 tuoque
746 1904 864 1961 ritu
892 1901 1097 1979 colat?
1180 1902 1402 1959 Dextra
1428 1901 1707 1959 Hercules
1734 1900 1871 1959 data
1903 1900 2161 1979 accipere
2188 1922 2248 1959 se

309 1994 480 2061 omen
523 2003 1009 2080 impleturumque
1049 2000 1188 2071 fata,
1219 2018 1317 2059 ara
1357 1999 1590 2056 condita
1630 2018 1695 2056 ac
1736 1998 1943 2071 dicata,
1974 2000 2073 2059 ait.
2157 1998 2249 2057 Ibi

307 2105 433 2156 tum
470 2101 738 2176 primum,
768 2099 916 2157 bove
950 2088 1160 2155 eximia
1200 2103 1369 2174 capta
1402 2096 1475 2153 de
1514 2116 1705 2174 grege,
1738 2116 1960 2155 sacrum
1990 2097 2246 2169 Herculi,

309 2195 584 2253 adhibitis
637 2195 713 2253 ad
760 2196 1143 2253 ministerium
1193 2194 1515 2271 dapemque
1564 2193 1800 2252 Potitiis
1856 2214 1921 2253 ac
1980 2194 2246 2267 Pinariis,

311 2311 440 2369 quoe
475 2299 600 2350 tum
643 2292 882 2371 familiae
923 2292 1173 2349 maxime
1215 2290 1449 2347 inclutae
1494 2311 1561 2349 ea
1600 2291 1727 2349 loca
1758 2292 2103 2364 incolebant,
2132 2294 2249 2351 fac·
2270 2298 2342 2349 55

309 2396 451 2447 tum.
497 2444 504 2449 ,
538 2388 709 2445 Forte
741 2388 824 2445 ita
856 2388 1062 2458 evenit,
1095 2396 1160 2446 ut
1189 2388 1397 2445 Potitii
1430 2388 1505 2445 ad
1532 2396 1761 2466 tempus
1794 2397 2007 2466 praesto
2040 2397 2245 2461 essent,

310 2485 514 2563 hisque
557 2493 690 2544 exta
732 2491 1173 2563 apponerentur,
1205 2485 1426 2543 Pinarii
1470 2486 1617 2543 extis
1661 2486 1846 2545 adesis
1890 2487 1964 2545 ad
2000 2494 2250 2545 ceteram

308 2583 570 2641 venirent
603 2583 826 2661 dapem.
913 2581 1056 2639 Inde
1097 2583 1428 2640 institutum
1471 2584 1699 2655 mansit,
1731 2584 1914 2642 donec
1948 2566 2249 2642 Pinarium

308 2698 492 2757 genus
539 2678 670 2750 fuit,
716 2698 788 2735 ne
836 2678 983 2735 extis
1033 2678 1395 2737 sollemnium
1445 2687 1819 2737 vescerentur.
1905 2679 2129 2751 Potitii,
2175 2680 2248 2738 ab

308 2776 576 2835 Evandro
611 2776 816 2847 edocti,
848 2776 1132 2835 antistites
1165 2777 1303 2833 sacri
1350 2776 1475 2854 ejus
1506 2797 1609 2854 per
1640 2777 1851 2835 multas
1893 2784 2091 2836 aetates
2124 2778 2250 2835 fue-
2268 2784 2340 2836 60

308 2882 460 2946 runt,
505 2873 704 2945 donec,
748 2873 962 2931 tradito
1019 2875 1194 2931 servis
1244 2874 1489 2951 publicis
1545 2874 1809 2932 sollemni
1856 2875 2094 2933 familiae
2143 2876 2250 2933 mi-

309 2971 561 3043 nisteriO,
591 2990 773 3049 genus
815 2989 985 3029 omne
1023 2970 1376 3028 Potitiorum
1418 2971 1649 3030 interiit.
1735 2971 1881 3029 Haec
1922 2978 2049 3029 tum
2092 2992 2249 3031 sacra

309 3068 591 3128 Romulus
627 3088 743 3127 una
779 3087 848 3127 ex
884 3068 1152 3125 omnibus
1183 3069 1485 3147 peregrina
1513 3070 1789 3153 suscepit,
1820 3068 1940 3147 jam
1973 3078 2101 3130 tum
2143 3072 2247 3129 im-

309 3165 676 3224 mortalitatis
703 3165 915 3224 virtute
945 3172 1145 3243 partae,
1170 3164 1246 3223 ad
1280 3184 1451 3243 quam
1486 3185 1617 3224 eum
1651 3185 1753 3225 sua
1782 3167 1908 3225 fata
1939 3168 2243 3241 ducebant,

309 3261 521 3322 fautor.
576 3308 588 3319 .
870 3313 924 3331 ..vv
952 3278 995 3319 r·
1032 3264 1071 3279 ‘'
1233 3278 1449 3349 ,ᾗς-’ἢκ
2266 3272 2334 3325 65

980 3814 1011 3841 ἑ-
1032 3809 1171 3841 -ο-’·“’“
1183 3812 1188 3819 ’
