2459 3967
321 206 449 267 166
665 207 674 215 '
1147 224 1264 262 0r10r1
1308 224 1433 263 mvl
1902 198 2054 278 [Lm.
2078 203 2254 262 XXI.

2434 226 2449 254 A

1153 446 1280 520 ΙΠ.,
1316 446 1419 506 IV.

371 590 636 634 nmmo„
673 592 722 634 in
845 560 914 619 In
949 560 1328 630 Hasdrubalis
1360 560 1553 618 locum
1590 541 1749 619 haud
1780 559 1957 619 dubia
1997 579 2088 618 res
2120 560 2258 634 fuit,

319 652 400 693 '²¹¹⁶
437 650 725 703 carthagini·
768 658 906 737 quin
955 657 1396 736 praerogativam
1440 656 1766 729 militarem,
1804 676 1917 735 qua
1964 657 2261 733 extemplo

320 718 725 827 ffaffiffitssgfflbffi
777 753 1004 831 juvenis
1031 753 1325 811 Hannibal
1354 754 1415 813 in
1442 754 1779 831 praetorium
1809 753 2045 825 delatus,
2078 753 2263 830 impe-

320 853 401 904 iug
469 852 720 905 appointed
766 858 1032 928 ratorque
1076 850 1301 927 ingenti
1352 850 1612 908 omnium
1654 849 1899 907 clamore
1944 856 2117 926 atque
2162 850 2265 906 ad-

320 930 632 1029 {gffgsasffi
663 920 726 1027 ig
767 966 936 1005 sensu
973 946 1293 1025 appellatus
1327 952 1461 1018 erat,
1492 946 1657 1003 favor
1690 944 1873 1023 plebis
1908 952 2254 1023 sequeretur.
2338 952 2378 1003 5

321 1054 724 1096 Hasdrubal.—He
765 1043 940 1101 Hunc
961 1043 1198 1101 vixdum
1221 1042 1497 1119 puberem
1521 1040 1849 1099 Hasdrubal
1872 1042 2079 1099 litteris
2100 1042 2178 1099 ad
2198 1062 2263 1101 se

319 1121 727 1238 ἒὲἃίἱζὲἔωέἲῃὲ
767 1140 1121 1211 arcessierat3
1165 1146 1404 1215 actaque
1446 1158 1535 1195 res
1576 1138 1749 1197 etiam
1791 1139 1853 1195 in
1895 1145 2094 1196 senatu
2135 1140 2265 1197 fue-

61 1296 68 1307 ·
320 1255 518 1305 isa-His
545 1255 725 1297 charac-
765 1243 869 1309 rat,
893 1236 1154 1295 Barcinis
1187 1235 1520 1307 nitentibuS,
1545 1242 1613 1293 ut
1640 1235 1997 1293 adsuesceret
2028 1235 2261 1294 militiae

37 1311 84 1363 4·
117 1364 168 1380 -s
186 1378 217 1389 ,
319 1320 498 1419 ἵζ’,ἓξᾱ
518 1321 699 1363 mem·
763 1332 1075 1405 Hannibal,
1099 1339 1278 1411 atque
1316 1333 1379 1389 in
1419 1338 1685 1409 paternas
1700 1330 2054 1393 succederet
2096 1350 2286 1415 opes,-

290 1408 608 1487 “—Miss'iis
637 1418 928 1487 Hannibal
954 1431 1016 1488 in
1036 1412 1383 1507 Hispaniam
1412 1430 1603 1508 primo
1625 1418 1829 1487 'statiffi
1855 1410 2260 1487 {Flffiitfi'ssfn‘l
2287 1435 2321 1487 1
2334 1438 2374 1489 Ο
2438 1422 2449 1440 ⁴

319 1546 452 1584 nem
481 1527 793 1585 exercitum
821 1528 884 1584 in
913 1548 972 1585 se
999 1528 1316 1585 convertit:
1355 1524 1743 1585 Hamilcarem
1769 1525 2041 1603 juvenem
2070 1526 2263 1585 reddi-

212 1644 221 1653 ·
319 1629 445 1680 tum
479 1623 589 1684 sibi
623 1629 840 1681 veteres
873 1623 1086 1681 milites
1120 1624 1382 1696 credere3
1428 1614 1962 1699 eundemerigorem
1996 1623 2055 1680 in
2092 1623 2261 1682 vultu

197 1748 218 1791 ς.
317 1720 550 1798 vimque
577 1722 638 1778 in
661 1721 856 1792 oculiS,
876 1720 1142 1778 habitum
1171 1722 1286 1779 oris
1306 1717 1764 1800 lineamentaque
1785 1706 2012 1780 intueri.
2096 1720 2259 1780 Dein

206 1850 214 1857 ·
316 1817 476 1875 brevi
517 1818 725 1889 effecit,
757 1825 824 1876 ut
856 1824 1020 1895 pater
1052 1819 1112 1875 in
1149 1838 1209 1877 se
1242 1819 1551 1877 minimum
1583 1827 1946 1879 momentum
1988 1819 2062 1877 ad
2093 1820 2259 1877 favo-

316 1934 438 1975 rem
465 1915 889 1973 conciliandum
923 1922 1084 1973 esset.
1139 1894 1154 1950 f
1171 1915 1513 2001 Numquam
1540 1916 1838 1993 ingenium
1871 1917 2025 1975 idem
2060 1917 2135 1975 ad
2162 1936 2256 1975 res
2282 1923 2317 1975 1
2330 1925 2369 1976 5

317 2013 743 2083 diversissimas,
774 2013 1093 2090 parendum
1143 1997 1317 2090 atque
1366 2010 1785 2090 imperandum,
1821 2014 2069 2073 habilius
2114 2014 2251 2073 fuit.

316 2110 520 2187 Itaque
551 2110 710 2169 haud
741 2110 910 2167 facile
946 2110 1311 2183 discernereS,
1343 2118 1537 2169 utrum
1570 2111 1905 2189 imperatori
1938 2132 2011 2169 an
2046 2113 2257 2171 exerci-
2446 2173 2449 2181 ,

315 2207 403 2263 tui
445 2206 628 2263 carior
667 2214 843 2273 esset:
887 2226 1074 2284 neque
1107 2206 1436 2267 Hasdrubal
1470 2208 1645 2265 alium
1680 2228 2027 2287 quemquam
2066 2208 2269 2286 praefif
2441 2193 2449 2217 ³

316 2322 442 2360 cere
491 2303 675 2375 malle,
723 2304 824 2362 ubi
875 2304 1016 2382 quid
1065 2305 1298 2363 fortiter
1348 2324 1412 2363 ac
1464 2312 1691 2363 strenue
1740 2307 2028 2383 agendum
2082 2313 2251 2379 esset,

315 2418 501 2475 neque
534 2400 748 2459 milites
789 2401 902 2459 alio
938 2402 1082 2459 duce
1124 2402 1255 2479 plus
1298 2401 1585 2461 confidere
1626 2410 1725 2461 aut
1758 2404 1980 2462 audere.
2064 2403 2255 2463 Pluri-
2277 2412 2367 2465 20

182 2574 192 2579 ψ
315 2514 478 2553 mum
527 2496 782 2555 audaciae
831 2498 907 2556 ad
953 2498 1108 2576 peric
1172 2518 1206 2555 a
1254 2492 1615 2583 capessenda,
1660 2499 1974 2576 plurimum
2024 2502 2253 2561 comitii

226 2594 466 2657 .„„j.nter
507 2594 634 2671 ipsa
673 2595 940 2671 pericula·
967 2602 1101 2655 erat.
1188 2595 1366 2654 Nullo
1408 2596 1602 2654 labore
1642 2604 1759 2677 aut·
1776 2616 1983 2675 corpus
2014 2590 2298 2677 fatigari}
2378 2642 2383 2647 ·

47 2728 178 2789 Q
315 2696 437 2780 aut¹
463 2691 688 2749 animus
737 2691 890 2749 vinci
946 2699 1189 2770 poterat.
1295 2693 1515 2752 Caloris
1570 2713 1635 2751 ac
1683 2694 1917 2771 frigoris
1970 2696 2255 2773 patientia

314 2806 450 2865 par:
507 2788 622 2845 cibi
676 2790 1044 2869 potionisque
1101 2780 1384 2850 desiderio
1447 2791 1708 2864 naturali,
1760 2810 1878 2849 non
1933 2792 2251 2869 voluptate,
2446 2804 2449 2823 ’

313 2886 522 2943 modus
571 2885 780 2944 finitus.
870 2881 1218 2965 Vigiliarum
1271 2887 1573 2965 somnique
1621 2907 1726 2945 nec
1776 2887 1871 2946 die
1918 2908 2021 2947 nec
2074 2897 2253 2949 nocte
2277 2898 2364 2949 25

313 2983 705 3041 discriminata
744 2991 1040 3061 tempora:
1085 2985 1164 3057 id,
1198 2984 1355 3062 quod
1396 2983 1660 3062 gerendis
1700 2984 1869 3042 rebus
1912 2962 2251 3063 superstet,

314 3082 492 3160 quieti
516 3082 715 3155 datum
736 3100 750 3154 3
794 3101 860 3139 ea
879 3080 1064 3159 neque
1092 3082 1255 3140 molli
1284 3088 1462 3139 strato
1484 3100 1669 3159 neque
1699 3082 1926 3141 silentio
1948 3072 2251 3143 arffe'ssita:

201 3196 274 3264 «ἢ
311 3179 481 3236 multi
509 3198 661 3257 saepe
689 3178 925 3237 militari
954 3179 1151 3256 sagulo
1181 3185 1447 3256 opertum
1474 3178 1638 3236 humi
1666 3178 1949 3255 jacentem
1977 3180 2129 3237 inter
2156 3200 2256 3239 cu·
2320 3186 2325 3189 ’

124 3259 163 3338 “a
184 3284 244 3349 ὑ,
260 3267 273 3292 ‘
313 3276 528 3331 stodias
571 3277 960 3353 stationesque
993 3276 1245 3333 militum
1281 3280 1711 3351 conspexerunt.
1798 3270 2060 3334 Vestitus
2102 3278 2251 3335 nihil

160 3358 233 3423 ‘Q-
312 3370 462 3425 inter
500 3372 746 3447 aequales
785 3372 1097 3429 excellens:
1142 3391 1299 3429 arma
1339 3379 1511 3449 atque
1552 3372 1687 3449 equi
1729 3373 2248 3451 conspiciebantur.
2274 3382 2355 3435 30
2441 3386 2449 3402 ¹

281 3505 284 3513 .
313 3462 590 3537 Equitum
624 3467 1000 3543 peditumque
1033 3467 1184 3525 idem
1221 3467 1393 3544 longe
1425 3467 1646 3543 primus
1680 3475 1834 3525 erat:
1876 3470 2144 3547 princeps
2188 3472 2254 3529 in
2446 3410 2448 3517 l

105 3546 163 3610 (
183 3552 579 3639 -Lproelium
613 3557 749 3627 ibat,
773 3559 1010 3617 ultimus
1039 3569 1300 3619 conserto
1329 3562 1533 3638 proelio
1563 3563 1886 3621 excedebat.
1972 3564 2097 3623 Has
2126 3572 2255 3625 tan-

99 3617 145 3702 (⁹⁴
195 3712 204 3719 .
231 3704 242 3711 ‚
312 3654 403 3703 tas
430 3648 537 3704 viri
566 3650 805 3707 virtutes
832 3654 1090 3729 ingentia
1116 3658 1259 3715 vitia
1286 3657 1624 3735 aequabant:
1667 3659 1981 3718 inhumana
2008 3664 2254 3723 crudeli-

117 3714 155 3735 κ

248 3753 256 3761 ·
313 3747 418 3812 taS,
439 3742 681 3817 perfidia
707 3744 836 3819 plus
865 3766 1033 3823 quam
1063 3750 1300 3825 Punica,
1324 3754 1468 3811 nihil
1498 3754 1631 3825 veri,
1656 3756 1800 3813 nihil
1830 3758 2028 3829 sancti,
2053 3760 2252 3819 nullus

11 3835 162 3943 k„
