2459 3967
291 225 417 287 160
1109 241 1226 281 τιτι
1268 241 1393 279 mvl
1966 215 2118 295 [Lm.
2138 219 2229 279 Π.

287 404 462 463 quam
505 384 768 461 prodicta
811 382 934 441 dies
977 383 1212 453 veniret,
1256 382 1461 441 morbo
1510 382 1770 441 moritur.
1856 379 2041 458 Cujus
2090 400 2229 439 cum
2432 394 2434 453 1

285 482 675 541 laudationem
703 480 922 539 tribuni
951 480 1134 557 plebis
1163 479 1441 557 impedire
1469 485 1825 549 conarentur,
1846 478 2042 555 plebes
2069 479 2232 535 frau-
2433 466 2434 477 ¹

287 579 408 637 dari
455 578 720 637 sollemni
756 577 976 635 honore
1009 595 1343 655 supremum
1376 576 1532 635 diem
1565 576 1715 634 tanti
1750 576 1857 635 viri
1894 575 2120 647 noluit,
2166 582 2233 633 et
2256 581 2343 631 30
2433 572 2434 579 ’

287 675 676 735 laudationem
719 680 842 734 tam
887 674 1068 751 aequis
1111 673 1343 731 auribus
1378 673 1592 731 mortui
1630 672 1867 743 audivit,
1900 691 2075 749 quam
2110 672 2232 730 vivi

287 773 708 831 accusationem
735 771 1008 843 audierat,
1035 777 1093 829 et
1120 770 1414 847 exsequias
1442 770 1711 847 frequens
1740 768 2059 827 celebravit.

1157 947 1345 1005 LXII.

339 1072 436 1113 The
481 1070 692 1115 consul
813 1063 1036 1130 Eodem
1069 1083 1222 1121 anno
1256 1062 1521 1121 Valerius
1562 1062 1761 1121 consul
1796 1082 1928 1120 cum
1970 1061 2231 1119 exercitu

288 1138 694 1257 Lalogigffintgtarffig
735 1162 796 1219 in
823 1161 1050 1239 AEquos
1083 1160 1394 1238 profectae,
1428 1179 1559 1218 cum
1588 1159 1816 1216 hostem
1850 1158 1925 1215 ad
1952 1157 2231 1236 proelium

288 1274 442 1323 AEqui.
462 1298 512 1305 -
532 1273 692 1314 Deter—
731 1258 932 1317 elieere
957 1276 1076 1315 non
1109 1263 1325 1334 posset,
1358 1262 1541 1313 castra
1574 1274 1907 1333 oppugnare
1942 1261 2028 1311 est
2060 1254 2231 1311 ador-

289 1338 692 1457 ἷῑὲᾚῐὲἰξδίᾙζ
733 1360 842 1411 tus.
928 1353 1236 1413 Prohibuit
1257 1353 1418 1411 foeda
1444 1358 1756 1430 tempestas
1784 1372 1915 1409 cum
1944 1351 2229 1428 grandine

289 1473 352 1522 by
399 1484 426 1513 a
475 1470 692 1523 rengione
733 1468 798 1506 ac
819 1448 1128 1507 tonitribus
1155 1449 1301 1507 coelo
1324 1449 1560 1525 dejecta.
1645 1448 2106 1505 Admirationem
2130 1447 2230 1505 de-
2296 1451 2338 1502 5
2428 1416 2435 1545 1

291 1538 695 1658 3θῖβέξέἱέὃῖ
735 1545 868 1603 inde
899 1546 1072 1617 auxit,
1099 1546 1265 1622 signo
1294 1546 1551 1623 receptui
1573 1544 1727 1616 date,
1752 1544 1895 1601 adeo
1918 1544 2231 1621 tranquilla

291 1674 389 1715 'rho
421 1674 554 1715 other
588 1683 696 1715 con-
738 1642 1009 1701 serenitas
1050 1641 1291 1713 reddita,
1322 1648 1405 1713 ut,
1436 1642 1593 1699 velut
1624 1641 1863 1698 numine
1906 1641 2100 1719 aliquo
2130 1641 2231 1699 de-

291 1741 391 1839 sgi-
430 1741 696 1847 ῐῗᾶωξῦῦἕῦ
738 1740 904 1797 sensa
943 1745 1126 1797 castra
1167 1757 1501 1815 oppugnare
1535 1738 1761 1809 iterum,
1793 1737 1993 1815 religio
2028 1738 2225 1797 fuerit.

292 1817 700 1927 {Eligis—Nothi&
741 1835 946 1895 Omnis
987 1836 1072 1892 ira
1109 1834 1249 1893 belli
1289 1834 1363 1891 ad
1403 1833 1836 1911 populationem
1880 1834 2003 1911 agri
2034 1834 2225 1893 vertit.

293 1941 698 1985 decisiveeffected.
741 1931 908 1990 Alter
935 1931 1132 1989 consul
1154 1930 1429 1987 AEmilius
1448 1930 1509 1987 in
1530 1929 1759 1987 Sabinis
1779 1929 1991 1987 bellum
2012 1931 2225 2008 gessit:
2250 1937 2278 1989 1
2291 1938 2334 1990 Ο

294 2037 352 2089 et
392 2029 491 2101 ibi,
529 2030 664 2107 quia
705 2029 888 2087 hostis
928 2027 1217 2087 moenibus
1268 2047 1327 2085 se
1368 2026 1617 2099 tenebat,
1647 2027 1855 2084 vastati
1895 2028 2018 2105 agri
2072 2034 2223 2087 sunt.

295 2126 584 2185 Incendiis
628 2127 836 2185 deinde
884 2146 1004 2185 non
1044 2125 1308 2183 villarum
1356 2124 1533 2184 modo
1584 2124 1685 2182 sed
1734 2124 1907 2181 etiam
1948 2124 2224 2197 vicorum,

297 2222 504 2299 quibus
535 2224 865 2299 frequenter
895 2222 1279 2293 habitabatur,
1312 2221 1511 2279 Sabini
1554 2221 1743 2293 exciti,
1774 2240 1905 2278 cum
1946 2221 2229 2297 praedato-
2432 2206 2434 2297 Ι

295 2318 454 2376 ribus
495 2320 886 2393 occurrissent,
917 2320 1156 2397 ancipiti
1200 2320 1405 2397 proelio
1440 2320 1697 2398 digressi,
1728 2326 1959 2398 postero
1994 2319 2087 2378 die
2118 2326 2229 2378 ret-

296 2415 476 2475 tulere
519 2422 702 2473 castra
741 2417 802 2473 in
843 2418 1059 2475 tutiora
1099 2416 1240 2475 loca.
1326 2417 1398 2475 Id
1446 2418 1583 2475 satis
1633 2417 1853 2475 consuli
1893 2417 2096 2488 visum,
2126 2436 2227 2475 cur
2248 2424 2328 2477 15

297 2532 403 2589 pro
432 2512 584 2570 victo
614 2512 955 2589 relinqueret
982 2513 1226 2585 hostem,
1252 2514 1479 2592 integro
1507 2513 1643 2573 inde
1671 2513 1951 2581 decedens
1977 2513 2142 2573 bello.

1154 2690 1371 2749 LXIII.

297 2800 704 2911 ωῄξὲἓέῧῖῗῒὲ
823 2802 984 2862 Inter
1029 2805 1156 2862 haec
1204 2804 1369 2877 bella,
1399 2812 1669 2863 manente
1714 2805 2003 2863 discordia
2048 2805 2221 2876 domi,

274 2934 504 2979 .v01sci
536 2934 703 2977 invade
743 2900 1003 2959 consules
1031 2901 1198 2959 Titus
1234 2901 1537 2959 Numicius
1570 2902 1799 2959 Priscus
1829 2902 1899 2959 A.
1918 2902 2225 2979 Verginius

297 3005 376 3046 the
399 3004 588 3045 Roman.
611 3004 701 3043 ter·
741 2996 897 3055 facti.
983 2996 1043 3055 N
1043 3016 1121 3055 on
1151 2998 1301 3056 ultra
1327 2997 1629 3055 videbatur
1656 2998 1839 3055 latura
1870 2998 2065 3075 plebes
2094 2998 2226 3056 dila-

295 3071 457 3179 {1313
469 3070 702 3178 {³255}ssss
743 3093 962 3151 tionem
992 3093 1228 3171 agrariae
1258 3094 1418 3171 legiS,
1448 3094 1765 3171 ultimaque
1793 3094 1878 3152 vis
1905 3095 2222 3171 parabatur,

296 3204 491 3246 consuls
544 3203 699 3245 march
741 3209 890 3261 cum,
907 3189 1152 3248 Volscos
1180 3190 1377 3247 adesse
1393 3191 1559 3247 fumo
1582 3210 1651 3247 ex
1673 3190 1952 3247 incendiis
1968 3191 2223 3249 villarum
2280 3200 2315 3251 5

298 3270 424 3374 {322}
459 3272 703 3375 ³52⁸}ss
734 3285 988 3362 fugaque
1017 3286 1329 3361 agrestium
1360 3286 1658 3363 cognitum
1692 3294 1792 3345 est.
1878 3287 1963 3344 Ea
1994 3308 2083 3345 res
2115 3307 2226 3345 ma-

297 3398 480 3446 AEqui.
509 3420 560 3429 --
585 3398 700 3439 The
743 3386 933 3436 turam
965 3381 1084 3457 jam
1129 3383 1471 3439 seditionem
1510 3402 1576 3439 ac
1614 3401 1795 3459 prope
1836 3390 2223 3460 erumpentem

298 3461 706 3566 Σὲιὲῗᾶᾶἑξθῗξὲζὲ
746 3476 1028 3549 repressit.
1114 3477 1408 3550 ConsuleS,
1454 3479 1639 3535 coacti
1688 3479 1975 3555 extemplo
2030 3479 2103 3537 ab
2152 3499 2226 3537 se-

300 3590 379 3629 the
415 3588 508 3638 csty
541 3589 593 3629 of
613 3589 706 3629 An·
747 3574 888 3624 natu
935 3570 1008 3628 ad
1056 3570 1289 3644 bellum,
1343 3574 1548 3631 educta
1597 3593 1665 3631 ex
1721 3573 1861 3631 urbe
1910 3575 2221 3651 juventute,

300 3647 432 3747 ’ἓξὲξ
444 3648 615 3757 {fulge
629 3648 708 3748 ῗζὲ
748 3664 1198 3737 tranquilliorem
1244 3674 1489 3725 ceteram
1530 3668 1760 3745 plebem
1793 3670 2070 3729 fecerunt.
2154 3671 2224 3729 Et
2244 3678 2313 3729 10

301 3772 480 3813 Roman
489 3771 712 3822 territory.
749 3750 942 3811 hostes
972 3759 1222 3831 quidem,
1247 3762 1391 3818 nihil
1421 3763 1577 3820 aliud
1606 3784 1778 3843 quam
1806 3766 2056 3842 perfusis
2083 3786 2223 3825 vano
