2459 3967
270 206 425 265 Cir».
452 203 695 283 XLIV]
878 225 953 264 AB
998 225 1152 264 unns
1199 225 1464 264 connum
1507 226 1681 264 mam.
2085 205 2209 272 275

269 386 404 418 more
416 375 682 428 particular-
722 366 877 443 apud
911 366 1123 424 milites
1156 366 1343 424 solum
1377 367 1592 426 mixtos
1631 388 1701 426 ex
1740 366 2060 426 colluvione
2094 385 2216 424 om-

270 443 324 551 Z
338 443 462 551 εἶξε
472 442 680 560 ξξίξὲῗ
723 463 884 520 nium
920 463 1199 540 gentium,
1233 464 1334 521 sed
1372 465 1546 522 etiam
1585 465 1740 542 apud
1775 465 1982 522 ducem
2022 464 2213 542 ipsum

272 577 488 617 marcnes
542 575 681 616 into
726 559 1068 618 oriebantur.
1154 560 1307 616 Nam
1337 579 1466 617 cum
1498 561 1666 618 initio
1693 561 1980 632 fremitUS,
2007 560 2214 618 deinde

272 642 539 760 23:323}ss
550 652 602 749 εἰ
605 653 649 748 :1²2
650 641 682 759 ἓ
722 662 920 733 aperta
946 656 1285 714 vociferatio
1314 656 1520 714 fuisset
1543 658 1975 734 exposcentium
2005 658 2215 734 stipen-

274 787 393 816 „ear
428 775 608 816 cannae.
633 797 682 806 -
724 752 885 809 dium
930 751 1208 823 debitum,
1243 752 1718 830 querentiumque
1768 772 2056 811 annonam
2103 753 2214 830 pri·
2235 753 2307 805 10

274 843 378 882 The
399 841 441 882 R
459 853 487 882 ⁰
506 853 551 882 ¹¹¹
571 852 598 883 Β
616 852 681 882 ¹¹⁸
724 868 837 920 m0‚
858 855 1151 926 postremo
1184 849 1420 920 famem,
1446 855 1504 907 et
1532 849 1950 906 mercennarios
1983 849 2211 920 milites,

273 919 462 964 pursue.
723 945 971 1002 maxime
1001 944 1251 1022 Hispani
1279 945 1518 1022 generiS,
1539 945 1610 1003 de
1631 945 1970 1003 transitione
2000 945 2216 1021 cepisse

277 1042 587 1101 consilium
614 1042 773 1100 fama
800 1048 965 1114 esset,
990 1042 1113 1119 ipse
1136 1043 1309 1100 etiam
1341 1042 1629 1100 interdum
1653 1040 1946 1099 Hannibal
1976 1041 2217 1118 defuga

277 1141 341 1197 in
372 1139 616 1196 Galliam
646 1139 857 1196 dicitur
876 1139 1138 1216 agitasse,
1159 1138 1242 1196 ita
1269 1146 1349 1210 ut,
1369 1137 1567 1198 relicto
1595 1139 1858 1216 peditatu
1887 1138 2062 1210 omni,
2083 1157 2215 1196 cum

278 1235 575 1312 equitibus
604 1254 662 1293 se
690 1235 1022 1313 proriperet.
1094 1234 1242 1293 Cum
1268 1235 1391 1293 haec
1421 1236 1658 1294 consilia
1677 1242 1849 1314 atque
1870 1235 1964 1293 hic
1985 1235 2215 1294 habitus
2237 1239 2310 1291 15

278 1333 609 1390 animorum
648 1338 795 1390 esset
832 1331 893 1390 in
932 1332 1145 1404 castris,
1178 1351 1408 1390 movere
1441 1332 1576 1391 inde
1615 1334 1817 1392 statuit
1848 1333 1908 1391 in
1946 1332 2218 1390 calidiora

280 1437 457 1508 atque
493 1449 561 1488 eo
595 1429 907 1488 maturiora
939 1429 1219 1488 messibus
1252 1429 1484 1507 Apuliae
1519 1431 1658 1502 loca,
1691 1430 1860 1489 simul
1896 1432 2067 1509 quod,
2100 1450 2215 1508 quo

279 1528 515 1605 longius
536 1527 607 1585 ab
628 1527 795 1584 hoste
811 1526 1147 1600 recessisset,
1165 1528 1486 1606 transfugia
1505 1528 1873 1604 impeditiora
1888 1527 2108 1586 levibus
2135 1529 2219 1585 in-

279 1626 471 1706 geniis
507 1631 710 1682 essent.
795 1624 1103 1682 Profectus
1136 1631 1223 1682 est
1255 1632 1442 1695 nocte,
1467 1624 1700 1702 ignibus
1732 1625 1995 1682 similiter
2025 1625 2212 1696 factis,

279 1722 779 1800 tabernaculisque
805 1722 1002 1798 paucis
1031 1722 1089 1778 in
1126 1719 1374 1798 speciem
1405 1722 1631 1794 relictiS,
1656 1728 1723 1779 ut
1749 1722 2084 1779 insidiarum
2113 1741 2216 1799 par
2235 1728 2311 1780 20

281 1822 465 1900 priori
499 1826 687 1878 metus
729 1819 1049 1876 contineret
1086 1817 1396 1876 Romanos.
1481 1817 1596 1875 Sed
1628 1837 1731 1895 per
1763 1818 2008 1875 eundem
2044 1817 2218 1876 Luca-

282 1938 425 1976 num
458 1917 767 1988 Statilium,
785 1915 1053 1974 omnibus
1080 1916 1230 1977 ultra
1263 1922 1445 1974 castra
1471 1921 1742 1992 transque
1769 1921 1997 1972 montes
2025 1915 2218 1992 explo-

282 2017 441 2088 ratis,
474 2035 606 2074 cum
640 2015 881 2073 relatum
916 2020 1063 2071 esset
1098 2013 1282 2070 visum
1318 2013 1516 2091 procul
1551 2013 1806 2070 hostium
1841 2031 2066 2091 agmen,
2089 2020 2216 2093 tum

285 2113 361 2172 de
403 2112 757 2190 insequendo
801 2130 870 2168 eo
913 2110 1150 2168 consilia
1191 2109 1398 2186 agitari
1440 2117 1644 2187 coepta.
1731 2110 1878 2167 Cum
1921 2111 2217 2188 utriusque

285 2210 537 2270 consulis
571 2209 786 2268 eadem'
807 2227 934 2286 quae
969 2214 1101 2361 aly?
1136 2225 1361 2282 semper
1392 2207 1600 2266 fuisset
1633 2207 1932 2279 sententia,
1965 2215 2215 2266 ceterum
2236 2214 2312 2265 25

284 2307 539 2366 Varroni
570 2307 691 2364 fere
734 2323 949 2376 omnes,
1034 2304 1163 2361 aulo
1206 2322 1377 2361 nemo
1419 2310 1628 2381 praeter
1669 2303 1969 2362 Servilium
2013 2306 2218 2382 prioris

286 2404 426 2462 anni
459 2403 748 2461 consulem
784 2401 1177 2473 adsentiretur,
1209 2400 1446 2477 majoris
1478 2401 1656 2478 partis
1700 2402 1982 2460 sententia
2014 2403 2088 2460 ad
2120 2422 2220 2460 no-

284 2501 595 2560 bilitandas
624 2499 781 2558 clade
808 2498 1072 2556 Romana
1098 2497 1342 2568 Cannas,
1365 2505 1604 2575 urgente
1632 2499 1773 2570 fate,
1789 2500 2036 2576 profecti
2066 2507 2216 2558 sunt.

286 2599 481 2675 Prope
522 2617 654 2655 eum
699 2597 887 2654 vicum
934 2595 1227 2654 Hannibal
1262 2601 1447 2653 castra
1485 2602 1754 2673 posuerat
1786 2616 1982 2655 aversa
2021 2617 2055 2654 a
2081 2597 2221 2657 Vol-

286 2703 461 2754 turno
491 2701 680 2766 vento,
706 2692 805 2771 qui
838 2691 1055 2768 campis
1086 2692 1321 2750 torridis
1355 2692 1608 2751 siccitate
1635 2692 1816 2750 nubes
1848 2693 2098 2771 pulveris
2130 2713 2220 2752 ve-
2240 2700 2315 2752 30

287 2794 394 2852 hit.
480 2791 551 2849 Id
584 2809 717 2849 cum
750 2789 892 2867 ipsis
924 2789 1123 2847 castris
1152 2789 1629 2866 percommodum
1662 2790 1794 2862 fuit,
1817 2797 1944 2848 tum
1979 2792 2220 2849 salutare

287 2889 578 2970 praecipue
624 2888 885 2944 futurum
931 2892 1052 2944 erat
1096 2905 1228 2944 cum
1275 2886 1454 2944 aciem
1502 2885 1830 2962 dirigerent,
1867 2886 1979 2963 ipsi
2020 2888 2216 2960 aversi,

287 2995 453 3065 terga
491 2991 717 3043 tantum
760 2981 1009 3041 adflante
1050 2989 1242 3054 vento,
1273 2983 1331 3039 in
1377 2988 1722 3040 occaecatum
1764 2981 1994 3057 pulvere
2037 2983 2220 3041 effuso

287 3085 517 3144 hostem
560 3080 887 3160 pugnaturi.

1110 3209 1113 3216 Ι
1144 3259 1360 3320 XLIV.

340 3439 439 3482 'rho
484 3311 811 3527 RomanK
814 3371 1109 3445 Consules,
1136 3373 1274 3431 satis
1308 3371 1614 3450 exploratis
1642 3370 1959 3445 itineribuS,
1986 3392 2222 3452 sequen-

290 3507 687 3555 arriveatcannae,
758 3489 817 3527 es
862 3468 1129 3541 Poenum,
1159 3476 1228 3527 ut
1272 3477 1506 3527 ventum
1542 3469 1621 3554 ad
1665 3469 1891 3528 Cannas
1930 3477 2032 3543 est,
2063 3477 2122 3528 et
2159 3472 2221 3528 in

289 3574 383 3616 and
414 3574 569 3625 fortiry
596 3577 691 3650 tw?
732 3572 1044 3643 conspectu
1073 3566 1322 3624 Poenum
1356 3565 1660 3638 habebant,
1685 3566 1825 3624 bina
1855 3573 2038 3624 castra
2070 3585 2222 3623 com-

289 3641 689 3693 ‘3m9³'-H³¹¹¹²¹'
731 3663 1004 3720 muniunt
1032 3662 1235 3720 eodem
1264 3661 1448 3718 ferme
1474 3661 1792 3734 interva110,
1814 3681 1929 3741 quo
1958 3662 2031 3718 ad
2052 3659 2221 3717 Gere-

287 3707 691 3828 Εὲιιινοῗῗνθίιιοξ
735 3759 951 3830 onium,
976 3758 1123 3816 sicut
1152 3763 1284 3814 ante
1319 3757 1501 3833 copiis
1528 3757 1740 3817 divisis,
1825 3755 2072 3814 Aufidus
2104 3772 2208 3809 am·
