2459 3967
202 186 342 245 Off.
371 184 623 263 LVIII]
773 204 850 243 An
895 204 1048 243 unna
1095 203 1359 243 comum
1403 204 1577 242 mm.
2058 182 2139 243 89

200 358 386 411 Legena
433 358 488 399 of
526 358 614 399 Lu·
657 365 790 404 cum
838 345 962 422 ipse
1003 344 1192 417 ditari,
1223 344 1533 402 exhaustus
1574 342 2002 421 magnificentia
2042 361 2142 419 pu-

203 424 356 467 aretia.
656 441 939 499 blicorum
981 460 1239 518 operum,
1271 448 1397 497 tum
1438 440 1637 519 praeda
1669 439 1919 497 delenire
1963 458 2143 516 popu·
2204 448 2235 499 5

202 540 412 597 larium
456 539 682 596 animos
726 538 1010 609 studebat,
1041 544 1255 615 praeter
1286 536 1455 594 aliam
1491 536 1814 614 superbiam
1830 518 2027 613 'regno
2059 536 2145 591 in-

203 636 391 695 festos
423 636 618 708 etiam,
650 635 808 713 quod
836 654 896 693 se
929 635 992 693 in
1019 634 1318 692 fabrorum
1350 634 1670 691 ministerio
1704 653 1769 692 ac
1805 632 1993 691 servili
2022 638 2140 690 tam

206 734 310 791 diu
351 733 585 792 habitos
633 750 805 809 opere
855 733 927 790 ab
967 750 1101 809 rege
1152 730 1616 808 indignabantur.
1702 730 2009 807 Temptata
2054 749 2143 787 res

205 837 311 902 est,
341 831 395 887 si
423 830 612 907 primo
645 828 870 906 impetu
905 828 1034 905 capi
1061 827 1258 888 Ardea
1284 833 1513 905 posset:
1556 826 1659 885 ubi
1690 826 1754 884 id
1781 845 1982 904 parum
2016 846 2145 903 pro-

205 927 398 999 cessit,
431 925 730 984 obsidione
772 924 1309 1002 munitionibusque
1350 924 1528 1002 coepti
1561 924 1746 999 premi
1778 923 1989 981 hostes,
2074 922 2143 980 In
2165 929 2239 982 10

205 1024 305 1081 his.
344 1022 584 1094 stativiS,
613 1029 680 1079 ut
711 1021 780 1079 fit
810 1021 988 1099 longo
1029 1022 1214 1099 magis
1250 1040 1421 1098 quam
1464 1020 1579 1079 acri
1612 1019 1781 1091 bello,
1812 1019 1949 1079 satis
1982 1019 2146 1077 liberi

205 1126 568 1178 commeatus
601 1124 777 1190 erant,
807 1117 1158 1195 primoribus
1190 1123 1387 1175 tamen
1418 1117 1604 1194 magis
1639 1136 1813 1194 quam
1844 1116 2141 1176 militibus.

207 1216 384 1293 Regii
414 1215 646 1293 quidem
673 1214 910 1291 juvenes
941 1214 1235 1272 interdum
1268 1214 1451 1271 otium
1486 1214 1764 1272 conviviis
1796 1214 2148 1273 comissatio-

208 1314 496 1390 nibusque
525 1312 674 1370 inter
701 1332 759 1370 se
787 1310 1080 1369 terebant·
1150 1311 1322 1369 Forte
1351 1298 1687 1388 p6tantibus
1712 1310 1803 1368 his
1832 1312 1986 1390 apud
2014 1311 2140 1370 Sex.

209 1410 608 1487 Tarquinium,
644 1408 744 1467 ubi
793 1414 852 1467 et
892 1407 1212 1467 Collatinus
1260 1407 1521 1466 coenabat
1561 1407 1921 1487 Tarquinius,
1952 1409 2144 1487 Egerii
2167 1418 2241 1470 15

209 1506 381 1579 filius,
404 1506 610 1564 incidit
636 1506 708 1564 de
735 1506 1009 1563 uxoribus
1035 1506 1286 1563 mentio:
1331 1524 1491 1563 suam
1521 1506 1761 1583 quisque
1787 1505 2015 1565 laudare
2044 1508 2148 1564 mi-

209 1605 294 1662 ris
319 1603 526 1662 modia
613 1602 758 1659 Inde
786 1602 1101 1660 certamine
1129 1620 1385 1673 accens0,
1410 1601 1728 1662 Collatinus
1762 1610 1936 1680 negat
1963 1602 2147 1661 verbis

211 1720 363 1778 opus
390 1718 526 1772 esse,
557 1699 756 1776 paucis
784 1698 847 1755 id
875 1698 1108 1776 quidem
1137 1697 1295 1755 horis
1323 1718 1491 1776 posse
1518 1698 1665 1771 sciri,
1692 1706 1970 1776 quantum
2004 1706 2149 1757 cete-

211 1798 293 1855 ris
335 1803 570 1874 praestet
611 1796 876 1853 Lucretia
922 1815 1038 1854 sua.
1125 1795 1160 1823 “
1181 1794 1351 1867 Quin,
1383 1796 1433 1853 si
1474 1795 1640 1873 vigor
1678 1795 1930 1872 juventae
1979 1796 2143 1867 inest,

213 1894 652 1953 conscendimus
693 1912 872 1969 equos
912 1892 1327 1969 invisimusque
1360 1899 1670 1969 praesentes
1702 1897 2023 1949 nostrarum
2066 1892 2148 1950 in·
2168 1901 2242 1953 20

213 1992 424 2069 genia?
504 1990 572 2048 Id
601 1989 808 2067 cuique
843 1990 1327 2067 spectatissimum
1362 1975 1452 2061 sit,
1486 1990 1657 2068 quod.
1670 1989 2012 2066 necopinato
2041 1990 2149 2047 viri

213 2088 468 2147 adventu
496 2088 804 2146 occurrerit
833 2086 1066 2145 oculis‚”
1143 2086 1506 2144 Incaluerant
1526 2087 1678 2145 vino.
1758 2086 1792 2114 “
1810 2086 1941 2165 Age
1969 2087 2145 2146 sane”

214 2204 432 2245 omnes,
518 2185 728 2243 Citatis
755 2185 916 2261 equis
944 2184 1173 2242 avolant
1191 2184 1456 2242 Romam.
1542 2183 1671 2255 Quo
1700 2204 1830 2242 cum
1859 2186 2061 2263 primis
2088 2206 2147 2245 se

212 2281 648 2341 intendentibus
676 2280 924 2338 tenebris
951 2281 1357 2358 pervenissent,
1389 2288 1635 2359 pergunt
1662 2282 1795 2340 inde
1825 2282 2144 2357 Collatiam,

210 2378 321 2436 ubi
351 2377 676 2435 Lucretiam
716 2376 1160 2455 haudquaquam
1194 2384 1261 2435 ut
1293 2379 1478 2455 regias
1510 2398 1701 2452 nurus,
1735 2399 1873 2457 quas
1914 2380 1974 2438 in
2017 2400 2148 2438 con·
2166 2387 2241 2438 25

210 2475 370 2533 vivio
403 2475 655 2552 luxuque
689 2492 822 2532 cum
855 2474 1170 2551 aequalibus
1203 2474 1465 2533 viderant
1490 2482 1720 2553 tempus
1752 2484 2015 2549 terenteS,
2048 2477 2147 2535 sed

211 2579 388 2631 nocte
415 2591 540 2629 sera
567 2571 822 2630 deditam
851 2570 998 2628 lanae
1031 2571 1180 2629 inter
1207 2570 1569 2630 lucubrantes
1602 2572 1833 2630 ancillas
1860 2574 1918 2629 in
1953 2574 2146 2632 medio

214 2669 434 2728 aedium
475 2669 772 2727 sedentem
808 2668 1124 2726 inveniunt.
1210 2667 1507 2725 Muliebris
1540 2669 1867 2728 certaminis
1898 2669 2020 2728 laus
2052 2690 2148 2748 pe-

211 2786 320 2825 nes
358 2766 686 2825 Lucretiam
733 2765 864 2823 fuit.
950 2764 1285 2823 Adveniens
1334 2764 1422 2822 vir
1461 2763 1874 2843 Tarquiniique
1922 2767 2147 2844 excepti

211 2864 481 2941 benigne.
567 2862 776 2921 Victor
821 2862 1062 2919 maritus
1116 2862 1359 2919 comiter
1404 2860 1611 2917 invitat
1657 2863 1845 2939 regios
1893 2861 2141 2938 juvenes
2167 2868 2239 2918 30

213 2962 308 3019 Ibi
335 2960 464 3020 Sex.
487 2958 866 3036 Tarquinium
898 2958 1050 3016 mala
1080 2958 1263 3016 libido
1296 2956 1576 3014 Lucretiae
1609 2976 1713 3033 per
1740 2957 1855 3014 vim
1890 2965 2149 3033 stupran-

213 3060 308 3116 dae
350 3058 522 3136 capit.
610 3054 762 3113 Cum
804 3055 994 3112 forma
1035 3061 1161 3112 tum
1203 3059 1460 3131 spectata
1502 3052 1731 3110 castitas
1770 3052 1985 3109 incitat.
2071 3054 2149 3109 Et

213 3162 340 3212 tum
371 3153 608 3231 quidem
638 3149 710 3209 ab
737 3157 1020 3209 nocturno
1047 3150 1300 3227 juvenali
1327 3151 1467 3209 ludo
1494 3150 1555 3207 in
1584 3154 1766 3206 castra
1793 3149 2047 3208 redeunt.

1073 3327 1289 3388 LVIII.

283 3504 320 3547 C
385 3484 424 3545 'ti
521 3500 619 3543 tion
741 3439 948 3500 Paucis
975 3440 1291 3517 interjectis
1312 3440 1515 3500 diebus
1544 3440 1670 3499 SeX.
1688 3440 2045 3520 Tarquinius,
2066 3444 2149 3501 in-

213 3571 266 3612 of
277 3512 544 3622 thffleggzld
561 3566 616 3609 ος
663 3536 780 3595 scio
799 3536 1105 3607 Collatino,
1123 3554 1257 3593 cum
1278 3537 1489 3593 comite
1510 3554 1627 3593 uno
1646 3536 1952 3595 Collatiam
1970 3539 2142 3595 venit.

211 3636 438 3681 Luci-ena.
456 3659 509 3668 -
524 3634 620 3677 ner
659 3630 782 3692 Ubi
815 3638 1088 3709 exceptus
1118 3630 1367 3707 benigne
1400 3630 1471 3687 ab
1505 3630 1719 3707 ignaris
1751 3632 1989 3701 consilii,
2015 3649 2146 3687 cum

211 3704 368 3747 death.
659 3734 794 3805 post
835 3745 1058 3785 coenam
1092 3724 1150 3782 in
1184 3724 1469 3801 hospitale
1510 3724 1834 3782 cubiculum
1868 3724 2147 3780 deductus
