2459 3967
304 219 431 284 230
790 243 799 250 ·
1126 238 1243 278 ’rm
1287 239 1410 277 mv1
1858 215 2009 294 [Lm
2035 219 2248 280 XXII.

964 304 1004 341 ο

306 382 701 460 sequebantur.
786 379 938 438 Galli
978 399 1163 458 neque
1206 379 1484 438 sustinere
1526 399 1588 438 se
1623 380 1878 458 prolapsi
1919 399 2108 458 neque
2149 381 2252 438 ad«

306 497 535 556 surgere
564 498 634 535 ex
662 475 1031 554 voraginibus
1058 482 1344 554 poterant,
1368 482 1468 534 aut
1495 495 1737 554 corpora
1763 476 1970 534 animis
1999 484 2102 536 aut
2129 479 2250 536 ani—
2270 483 2350 536 20

306 595 436 633 mos
468 593 568 653 spe
604 572 978 646 sustinebant,
1001 573 1099 630 alii
1130 573 1284 631 fessa
1317 591 1467 650 aegre
1499 573 1796 632 trahentes
1823 573 2104 647 membra,
2127 575 2246 649 alii,

306 672 410 731 ubi
442 672 618 730 semel
650 672 818 730 victis
850 670 1031 729 taedio
1073 670 1280 728 animis
1313 670 1768 747 procubuissent,
1799 672 1952 729 inter
1981 671 2251 750 jumenta

308 777 369 829 ct
414 769 541 847 ipsa
586 769 836 846 jacentia
882 767 1096 844 passim
1144 766 1471 825 morientes.
1565 767 1931 846 Maximeque
1979 769 2248 827 omnium

308 867 521 946 vigiliae
550 865 929 924 conficiebant
955 884 1059 942 per
1086 863 1472 941 quadriduum
1499 863 1620 942 jam
1649 871 1708 923 et
1733 872 1851 922 tres
1879 873 2080 923 noctes
2107 867 2250 924 tole—

308 972 464 1023 ratae.
550 963 717 1036 Cum,
755 962 949 1021 omnia
991 961 1388 1019 obtinentibus
1429 962 1610 1039 aquis,
1645 961 1808 1034 nihil,
1845 962 1946 1020 ubi
1986 963 2047 1020 in
2093 963 2248 1022 sicco
2270 973 2350 1025 25

308 1064 463 1121 fessa
495 1067 813 1120 sternerent
846 1077 1102 1136 corpora,
1126 1058 1372 1116 inveniri
1404 1065 1616 1135 posset,
1640 1058 1946 1117 cumulatis
1979 1060 2040 1116 in
2070 1079 2250 1138 aquas

310 1160 545 1218 sarcinis
601 1159 833 1236 insuper
885 1154 1312 1213 incumbebant.
1395 1155 1800 1214 Jumentorum
1857 1157 2062 1215 itinere
2116 1165 2248 1216 toto

308 1262 728 1334 prostratorum
781 1254 995 1331 passim
1050 1252 1236 1310 acervi
1289 1257 1534 1324 tantum,
1575 1253 1735 1330 quod
1781 1259 2030 1312 exstaret
2077 1273 2246 1331 aqua,

312 1351 699 1431 quaerentibus
732 1350 807 1408 ad
841 1350 1091 1427 quietem
1126 1349 1290 1427 parvi
1322 1349 1602 1426 temporis
1641 1350 2023 1408 necessarium
2055 1351 2250 1430 cubile

312 1449 541 1508 dabant.
626 1447 757 1526 Ipse
799 1445 1108 1518 Hannibal,
1141 1465 1295 1524 aeger
1337 1446 1515 1504 oculis
1557 1465 1624 1504 ex
1663 1465 1837 1504 verna
1867 1447 2120 1524 primum
2164 1449 2251 1506 in·
2273 1453 2351 1506 30

309 1546 587 1626 temperie
631 1545 885 1603 variante
924 1544 1139 1602 calores
1181 1544 1531 1621 frigoraque,
1574 1543 1901 1620 elephanto,
1947 1545 2049 1629 qui
2097 1563 2251 1603 unus

312 1644 686 1723 superfuerat,
720 1661 835 1720 quo
876 1640 1047 1699 altius
1088 1640 1161 1698 ab
1202 1660 1352 1719 aqua
1391 1646 1652 1711 exstaret,
1679 1646 1890 1713 vectuS,
1917 1640 2128 1730 vigiliis
2165 1649 2252 1700 ta-

310 1761 444 1800 men
480 1748 538 1799 et
570 1747 853 1799 nocturno
893 1737 1136 1796 humore
1176 1737 1530 1816 palustrique
1564 1737 1711 1796 coelo
1744 1745 2019 1814 gravante
2051 1745 2246 1816 caput,
2437 1805 2439 1808 Α

312 1847 373 1899 et
401 1840 535 1919 quia
567 1836 839 1898 medendi
865 1854 971 1894 nec
998 1835 1158 1894 locus
1190 1854 1298 1893 nec
1325 1842 1554 1914 tempus
1581 1841 1719 1907 erat,
1745 1834 1923 1892 altero
1957 1835 2126 1894 oculo
2159 1855 2252 1895 ca-
2437 1827 2439 1880 l

311 1938 485 2016 pitur.
1780 1941 1789 1950 ”
2272 1942 2349 1996 35

337 2177 586 2230 Emerging
596 2175 715 2218 from
900 2127 1036 2187 ultis
1055 2127 1391 2185 hominibus
1411 2127 1800 2206 jumentisque
1821 2127 1980 2218 scale
2002 2128 2248 2202 amissis,

314 2245 392 2284 the
417 2243 633 2292 marshes,
655 2243 714 2284 ne
756 2245 887 2284 cum
919 2225 1155 2284 tandem
1190 2225 1262 2282 de
1295 2223 1602 2302 paludibus
1636 2225 1974 2297 emersisset,
1998 2225 2100 2283 ubi
2131 2227 2253 2303 pri-

312 2319 530 2427 ἓξὲξῒέε
552 2309 716 2416 Οέθὲζζ
744 2287 916 2379 sPin-m
945 2323 1005 2378 in
1040 2323 1192 2379 sicco
1226 2315 1647 2418 potuibsc'astra
1677 2321 1868 2395 locat3
1911 2328 2252 2400 certumque

314 2449 363 2486 to
390 2443 593 2494 provoke
616 2443 715 2482 Fla·
755 2439 858 2495 per
896 2419 1223 2496 praemissos
1267 2415 1651 2495 exploratores
1685 2417 1890 2476 habuit
1931 2419 2250 2478 exercitum

315 2509 483 2549 m¹⁰³¹¹⁸
502 2512 551 2548 ¹³⁰
573 2518 600 2547 ὃ
618 2506 717 2612 Ὗη·
755 2513 1081 2572 Romanum
1116 2515 1266 2572 circa
1297 2513 1514 2572 Arretii
1554 2514 1771 2571 moenia
1807 2531 1941 2572 esse.
2025 2514 2251 2581 Consu·
2315 2524 2350 2576 5

314 2576 394 2684 3¹⁸0
409 2576 635 2691 {ydgagssg
652 2582 716 2679 „gt
754 2610 825 2667 lis
852 2611 1059 2670 deinde
1094 2611 1334 2669 consilia
1365 2617 1538 2688 atque
1572 2611 1846 2682 animum,
1872 2617 1930 2668 et
1959 2610 2136 2668 situm
2165 2631 2252 2671 re-

314 2711 521 2758 country.
542 2730 593 2737 —
618 2706 715 2747 'rho
754 2707 1012 2785 gionum,
1048 2694 1383 2785 itineraque,
1421 2714 1480 2765 et
1527 2707 1720 2784 copias
1769 2705 1844 2764 ad
1890 2693 2179 2790 commeat
2209 2729 2251 2794 *s

314 2773 597 2891 ξζὲεὲξζζξῗ
615 2773 716 2881 ἱέιξὲ
758 2803 1161 2882 expediendOS,
1193 2811 1252 2862 et
1294 2811 1510 2876 cetera,·
1530 2823 1658 2882 quae
1699 2776 1980 2881 cognosse
2020 2803 2094 2860 in·
2123 2787 2266 2864 rem⁴

313 2911 596 2952 marones
658 2911 717 2950 to
758 2905 893 2973 erat,
919 2920 1143 2962 summa
1170 2899 1366 2982 omnia
1399 2919 1527 2958 cum
1560 2919 1695 2958 cura
1721 2900 2066 2978 inquirendo
2095 2920 2252 2960 exse-

313 2981 435 3020 meet
456 2977 564 3022 nim.
758 2977 1071 3078 qu'ebaturf'
1120 2983 1306 3074 Regio
1335 3004 1456 3054 erat
1485 2997 1544 3055 in
1573 2997 1777 3075 primis
1804 2995 1989 3055 Italiae
2019 2997 2245 3071 fertilis,
2273 3001 2343 3052 10

313 3099 541 3158 Etrusci
604 3076 810 3174 campi,
865 3097 965 3174 qui
1029 3094 1279 3152 Faesulas
1347 3093 1498 3181 inter
1557 3094 1980 3172 Arretiumque-
2034 3095 2246 3171 jacent,

264 3219 273 3226 ·
314 3197 592 3254 frumenti
648 3188 730 3254 ac'
768 3193 990 3270 pecoris
1046 3199 1105 3250 et
1166 3192 1428 3248 omnium
1490 3192 1658 3270 copia
1715 3211 1906 3250 rerum
1969 3192 2245 3270 opulenti.
2425 3259 2427 3264 .

316 3291 531 3360 Consul
564 3292 728 3348 ferox
770 3287 842 3345 ab
885 3277 1182 3377 consulatu
1216 3287 1422 3364 priore,
1455 3295 1512 3345 et
1545 3307 1664 3344 non
1702 3287 2355 3370 mogo-lew*
2425 3277 2427 3284 ¹

316 3392 541 3458 patrum
584 3385 919 3464 majestatiS,
958 3385 1058 3441 sed
1100 3401 1171 3442 ne
1206 3366 1452 3441 d'eorum
1497 3384 1728 3462 quidem
1781 3385 1920 3442 satis
1967 3389 2244 3444 metuens,

318 3461 760 3535 Hanc·'‘ih's‘ita1n
814 3481 1047 3557 ingenio
1098 3481 1222 3556 ejus
1271 3482 1655 3558 temeritatem
1723 3488 1934 3562 ortana
1955 3483 2344 3560 &spero-25

319 3569 579 3642 civilibus
606 3569 935 3650 bellicisque
962 3576 1132 3634 rebus
1161 3577 1665 3643 successn'aluerat
1737 3576 1960 3656 Itaque
1989 3578 2126 3636 satis
2153 3598 2251 3657 ap-

317 3662 568 3736 parebat,
596 3683 698 3720 nec
727 3666 864 3724 deos
891 3689 996 3756 nec
1024 3671 1290 3748 homines
1323 3653 1731 3758 consulentem}
1756 3673 2026 3732 ferociter
2053 3675 2251 3734 omnia
2421 3731 2423 3826 κ

319 3774 384 3811 ac
416 3774 777 3834 praepropere
804 3769 1079 3824 acturum.
1158 3767 1400 3846 Quoque
1428 3769 1666 3847 pronior
1692 3772 1841 3828 esset
1867 3770 1930 3828 in
1958 3771 2100 3830 vitia
2125 3791 2247 3850 sna,

2410 3849 2424 3923 ἶ
