2459 3967
277 200 362 261 84
1095 218 1210 255 'rm
1254 217 1378 257 1.1V1
1986 190 2138 269 [Lm.
2160 195 2205 252 Ι.

275 357 506 415 Turnus
547 358 636 414 sui
669 357 873 434 cuique
907 358 1159 434 periculi,
1197 357 1245 413 si
1283 357 1610 414 adversatus
1650 362 1814 426 esset,
1850 373 2045 413 recens
2088 360 2211 413 erat

275 456 702 513 documentum.
788 453 880 510 Ita
919 460 1257 511 renovatum
1298 452 1507 524 foedus,
1542 452 1940 528 indictumque
1973 452 2213 528 juniori-

273 550 384 609 bus
411 550 764 620 Latinorum,
795 556 862 606 ut
893 568 964 606 ex
995 549 1213 607 foedere
1247 549 1341 607 die
1374 555 1527 606 certa
1559 548 1633 606 ad
1665 548 1859 605 lucum
1888 548 2208 606 Ferentinae

275 647 480 705 armati
505 646 834 723 frequentes
862 645 1138 703 adessent.
1203 645 1318 714 Qui
1346 645 1445 703 ubi
1474 646 1548 704 ad
1576 646 1828 703 edictum
1850 645 2101 704 Romani
2128 666 2211 704 re-

275 746 366 822 gis
397 764 467 801 ex
495 743 764 801 omnibus
790 743 1020 820 populis
1053 762 1381 814 convenere,
1406 762 1479 801 ne
1506 743 1712 801 ducem
1746 762 1929 815 suum,
1954 763 2096 801 neve
2130 763 2211 801 se-
2228 750 2299 802 2ss

276 848 496 899 cretum
523 840 846 917 imperium,
869 840 1170 917 propriave
1198 840 1363 917 signa
1381 839 1673 912 haberent,
1698 840 1930 899 miscuit
1949 840 2213 917 manipu-

275 937 364 995 los
395 957 466 995 ex
499 935 718 993 Latinis
749 935 1154 1013 Romanisque,
1185 942 1253 993 ut
1284 956 1354 993 ex
1385 935 1539 993 binis
1578 936 1835 1014 singulos
1868 938 2098 1008 faceret,
2128 936 2213 993 bi-

275 1053 494 1111 nosque
523 1053 591 1092 ex
620 1032 888 1110 singulis3
929 1032 1014 1090 ita
1038 1032 1347 1109 geminatis
1378 1033 1687 1111 manipulis
1718 1034 2081 1091 centuriones
2108 1033 2211 1089 im-

275 1131 486 1208 posuit.

1165 1208 1321 1267 Lm.
1688 1242 1724 1280 μ,
1748 1261 1791 1273 ..

327 1350 435 1393 war
459 1350 572 1391 with
597 1350 677 1392 the
797 1322 855 1380 N
857 1342 935 1395 ec,
971 1330 1038 1381 ut
1078 1322 1329 1401 injustus
1370 1323 1429 1382 in
1470 1342 1611 1401 pace
1651 1343 1765 1395 rex,
1800 1324 1885 1381 ita
1924 1323 2042 1381 dux
2073 1322 2211 1381 belli

277 1415 680 1524 ζῗέἕθῑὲζῦξὶῗῑῗ
718 1436 926 1495 pravus
952 1419 1083 1477 fuit.
1161 1419 1316 1488 Quin
1344 1438 1412 1477 ea
1438 1426 1559 1477 arte
1586 1426 1866 1497 aequasset
1892 1418 2211 1496 superiores

277 1548 380 1589 'rre
392 1548 494 1590 ach
506 1512 678 1589 er0⁰us
719 1532 896 1591 reges,
926 1516 988 1572 ni
1016 1515 1425 1592 degeneratum
1452 1516 1512 1573 in
1540 1515 1665 1572 aliis
1691 1514 1826 1572 huic
1856 1533 2083 1591 quoque
2117 1515 2213 1572 de-

277 1614 476 1659 conduct
500 1614 552 1656 of
569 1614 679 1657 sex·
719 1610 838 1667 cori
881 1611 1180 1669 offecisset.
1268 1611 1326 1669 Is
1365 1611 1585 1689 primus
1618 1610 1846 1670 Volscis
1884 1610 2099 1668 bellum
2148 1611 2210 1667 in

277 1680 678 1791 ξένίηξζᾞζῗξὲῗ
719 1705 998 1765 ducentos
1052 1704 1299 1783 amplius
1348 1714 1481 1783 post
1528 1726 1689 1763 suam
1744 1712 1975 1763 aetatem
2028 1726 2211 1763 annos
2272 1716 2306 1766 5

276 1814 514 1859 habitante
531 1816 583 1857 or
591 1816 678 1858 Ga·
716 1803 917 1874 movit,
949 1802 1327 1880 Suessamque
1355 1802 1680 1861 Pometiam
1720 1822 1791 1859 ex
1821 1801 1915 1859 his
1946 1802 2003 1858 vi
2036 1802 2206 1877 cepit.

278 1883 357 1926 ω·
719 1898 854 1981 Ubi·
876 1917 1009 1956 cum
1041 1898 1337 1955 divendita
1363 1898 1559 1975 praeda
1586 1897 1964 1975 quadraginta
1995 1896 2213 1954 talenta

277 1998 499 2076 argenti
531 1998 837 2069 refecisset,
873 1996 1138 2073 concepit
1171 1996 1365 2053 animo
1406 2016 1533 2053 eam
1574 1994 2015 2071 amplitudinem
2045 1994 2084 2051 J
2087 1994 2211 2051 ovis
2235 2044 2247 2053 .

277 2096 497 2172 templi,
535 2114 663 2172 quae
705 2095 883 2171 digna
921 2095 1098 2152 deum
1139 2093 1556 2169 hominumque
1578 2110 1747 2173 rege,
1783 2110 1910 2167 quae
1945 2090 2211 2148 Romano

278 2191 538 2265 imperiO,
576 2210 703 2267 quae
745 2191 926 2267 ipsius
965 2190 1139 2248 etiam
1173 2188 1286 2246 loci
1318 2171 1617 2265 majestate
1658 2194 1820 2245 esset.
1906 2186 2211 2263 Captivam
2234 2191 2307 2243 10

277 2286 580 2361 pecuniam
621 2286 681 2342 in
724 2284 1163 2343 aedificationem
1205 2284 1331 2361 ejus
1370 2284 1573 2362 templi
1614 2284 1883 2361 seposuit.
1968 2282 2213 2359 Excepit

278 2381 486 2438 deinde
520 2400 652 2437 eum
679 2380 889 2438 lentius
923 2400 1023 2459 spe
1049 2380 1280 2453 bellum,
1313 2400 1427 2458 quo
1455 2380 1685 2451 Gabios,
1709 2380 2091 2457 propinquam
2122 2400 2215 2436 ur-

277 2476 428 2548 bem,
459 2478 840 2554 nequicquam
867 2477 926 2535 vi
958 2478 1207 2549 adortus,
1240 2496 1373 2535 cum
1414 2476 1715 2535 obsidendi
1749 2495 1975 2553 quoque
2007 2476 2213 2533 urbem

279 2592 408 2650 spes
435 2573 602 2650 pulso
630 2592 664 2631 a
690 2572 978 2631 moenibus
1011 2573 1281 2651 adempta
1313 2580 1475 2645 esset,
1499 2579 1790 2651 postremo
1818 2572 2056 2629 minime
2089 2579 2212 2629 arte

278 2668 556 2740 Romana,
599 2668 801 2727 fraude
843 2688 908 2725 ac
949 2668 1084 2728 dolo
1133 2669 1433 2746 adgressus
1482 2676 1583 2726 est.
1668 2668 1727 2725 N
1728 2687 1820 2724 am
1868 2686 2017 2739 cum,
2053 2667 2212 2725 velut
2232 2674 2312 2726 15

277 2766 470 2842 posito
507 2765 675 2837 bello,
710 2764 1105 2825 fundamentis
1143 2765 1349 2843 templi
1381 2764 1661 2823 faciendis
1700 2764 1937 2841 aliisque
1977 2763 2213 2821 urbanis

279 2863 548 2940 operibus
578 2864 867 2921 intentum
905 2883 965 2921 se
1005 2882 1126 2921 esse
1168 2862 1476 2934 simularet,
1508 2861 1713 2920 Sextus
1746 2860 1896 2918 filius
1938 2860 2077 2937 ejuS,
2111 2862 2211 2937 qui
2288 2884 2295 2890 ·

275 2961 553 3019 minimus
586 2980 655 3018 ex
681 2960 866 3019 tribus
897 2966 1034 3032 erat,
1058 2959 1372 3036 transfugit
1400 2978 1468 3015 ex
1501 2957 1825 3034 composito
1852 2956 2082 3027 Gabios,
2114 2976 2213 3033 pa-

276 3058 382 3115 tris
409 3059 469 3115 in
499 3077 558 3115 se
587 3058 866 3116 saevitiam
895 3056 1312 3114 intolerabilem
1340 3072 1723 3132 conquerens:
1761 3053 1880 3129 jam
1910 3052 1982 3111 ab
2011 3052 2211 3110 alienis

275 3154 338 3211 in
381 3174 513 3213 suos
545 3143 780 3212 vertisse
825 3152 1164 3231 superbiam,
1201 3158 1261 3209 et
1299 3151 1607 3208 liberorum
1651 3168 1879 3226 quoque
1926 3167 2058 3206 eum
2100 3150 2213 3205 fre-
2230 3155 2309 3207 20

278 3252 528 3326 quentiae
557 3251 786 3322 taedere,
816 3256 898 3319 ut,
931 3268 1101 3326 quam
1129 3248 1190 3305 in
1219 3247 1375 3305 curia
1403 3246 1771 3305 solitudinem
1799 3245 2016 3317 fecerit,
2050 3245 2209 3304 domi

279 3363 508 3420 quoque
533 3345 724 3416 faciat,
747 3364 821 3401 ne
850 3363 1020 3419 quam
1055 3344 1307 3421 stirpem,
1338 3362 1410 3400 ne
1446 3362 1615 3419 quem
1644 3341 1911 3400 heredem
1938 3342 2102 3418 regni
2128 3362 2212 3399 re-

276 3437 515 3514 linquat.
600 3437 674 3493 Se
703 3439 934 3514 quidem
962 3440 1112 3497 inter
1137 3438 1253 3496 tela
1284 3445 1342 3497 et
1368 3439 1590 3513 gladios
1616 3438 1796 3515 patris
1828 3437 2101 3515 elapsum,
2126 3438 2211 3495 ni-

279 3531 361 3588 hil
382 3550 625 3607 usquam
653 3531 762 3588 sibi
789 3539 980 3590 tutum
1008 3534 1118 3591 nisi
1147 3534 1303 3610 apud
1321 3534 1515 3591 hostes
1537 3533 1598 3591 L.
1618 3533 1914 3610 Tarquinii
1942 3534 2211 3592 credidis-

279 3644 354 3681 se.
439 3626 498 3682 N
498 3644 608 3695 am,
637 3644 710 3681 ne
743 3634 1004 3697 errarent,
1033 3646 1263 3685 manere
1294 3630 1366 3685 iis
1397 3627 1627 3699 bellum,
1660 3629 1817 3705 quod
1846 3630 2104 3706 positum
2138 3631 2211 3688 si—
2228 3637 2307 3689 25

278 3718 558 3788 muletur3
593 3725 652 3775 et
677 3738 780 3793 per
807 3720 1160 3779 occasionem
1187 3742 1319 3779 eum
1340 3724 1601 3781 incautos
1619 3724 1962 3783 invasurum.
2034 3724 2211 3795 Quod
