2459 3967
263 207 408 266 cip.
434 203 541 284 IL]
832 226 909 265 AB
952 227 1108 266 URBE
1154 227 1416 266 commu
1459 228 1634 267 unm.
2068 208 2196 270 229

1493 313 1526 344 0

261 367 311 424 ri
344 366 525 426 libros
556 367 955 445 inspexissent,
986 373 1053 425 ut
1084 368 1168 425 ita
1200 367 1416 443 fierent,
1449 389 1620 447 quem
1654 368 1728 428 ad
1761 367 2002 428 modum
2035 367 2196 427 cordi
2217 374 2292 428 50

259 483 381 522 esse
416 465 567 522 divis
606 465 955 548 carminibus
987 465 1382 542 praefarentur.
1465 467 1934 526 Decemvirorum
1969 467 2196 524 monitu

260 561 557 620 decretum
600 567 703 634 est,
732 562 773 621 J
774 562 869 620 ovi
908 563 1161 640 primum
1202 563 1423 621 donum
1464 564 1685 622 fulmen
1727 583 1957 622 aureum
1997 564 2195 641 pondo

262 659 689 737 quinquaginta
730 658 906 732 fieret,
946 659 987 718 J
986 661 1167 718 unoni
1208 659 1596 737 Minervaeque
1645 680 1713 718 ex
1762 668 1999 738 argento
2044 661 2198 719 dona

260 754 552 827 darentur,
583 762 643 814 et
672 755 711 814 J
714 756 893 813 unoni
924 755 1165 833 Reginae
1202 757 1266 814 in
1298 756 1610 829 AventinO,
1639 757 1970 836 Junonique
2005 757 2196 836 Sospi-

260 857 339 909 tae
360 851 621 924 Lanuvii,
645 851 961 930 majoribus
988 853 1195 910 hostiis
1216 851 1652 926 sacrificaretur3
1687 860 2079 932 matronaeque
2100 874 2196 932 pe-
2216 860 2291 910 55

261 948 433 1006 eunia
474 948 698 1022 collata,
730 955 1011 1026 quantum
1054 950 1314 1008 conferre
1363 950 1568 1027 cuique
1610 950 1982 1008 commodum
2029 957 2192 1022 esset,

260 1045 483 1103 donum
510 1044 549 1103 J
552 1045 733 1104 unoni
761 1044 1003 1123 Reginae
1030 1046 1093 1103 in
1120 1045 1480 1104 Aventinum
1505 1047 1740 1119 ferrent,
1763 1047 2196 1106 lectisternium-

262 1160 375 1219 que
401 1141 602 1214 fieret3
646 1143 786 1221 quin
820 1149 887 1200 ut
913 1142 1197 1200 libertinae
1230 1149 1290 1202 et
1317 1144 1478 1221 ipsae,
1501 1144 1655 1202 unde
1683 1145 1940 1202 Feroniae
1975 1144 2195 1204 donum

260 1238 510 1310 daretur,
542 1239 843 1316 pecuniam
889 1258 997 1317 pro
1039 1239 1412 1298 facultatibus
1460 1241 1578 1300 suis
1622 1240 1962 1300 conferrent.
2047 1241 2195 1300 Haec

262 1333 361 1392 ubi
391 1335 562 1407 facta,
588 1335 897 1394 decemviri
925 1334 1135 1394 Ardeae
1164 1337 1225 1394 in
1253 1337 1386 1395 foro
1413 1337 1730 1416 majoribus
1756 1339 1962 1397 hostiis
1991 1337 2195 1396 sacrifi·
2213 1339 2290 1392 60

259 1437 483 1492 carunt.
566 1431 871 1490 Postremo
904 1432 1214 1491 Decembri
1246 1433 1366 1512 jam
1400 1455 1595 1494 mense
1636 1435 1710 1495 ad
1745 1435 1930 1494 aedem
1962 1436 2195 1494 Saturni

257 1528 469 1587 Romae
500 1529 865 1587 immolatum
894 1537 997 1601 est,
1020 1529 1547 1609 lectisterniumque
1574 1533 1919 1610 imperatum
1949 1527 2034 1607 (et
2061 1552 2195 1592 eum

256 1624 474 1683 lectum
526 1631 815 1682 senatores
864 1623 1207 1703 straverunt)
1257 1633 1316 1684 et
1363 1628 1688 1686 convivium
1738 1628 2032 1706 publicum
2057 1647 2072 1702 ;
2128 1649 2194 1686 ac

254 1740 367 1800 per
398 1721 599 1780 urbem
634 1720 957 1780 Saturnalia
986 1722 1141 1781 diem
1175 1743 1242 1780 ac
1279 1730 1510 1782 noctem
1543 1724 1801 1796 clamata,
1832 1725 2194 1802 populusque

256 1837 395 1878 cum
424 1819 580 1877 diem
606 1819 824 1877 festum
852 1818 1061 1878 habere
1088 1839 1155 1878 ac
1182 1839 1403 1878 servare
1430 1821 1491 1879 in
1518 1827 1861 1898 perpetuum
1887 1821 2093 1898 jussus.
2213 1825 2290 1878 65

1187 1997 1266 2056 II.

309 2171 440 2213 Han
458 2182 491 2212 n
510 2170 525 2212 ἱ
543 2170 645 2213 bal
786 2109 947 2168 Dum
976 2111 1176 2168 consul
1204 2111 1500 2188 placandis
1525 2111 1729 2170 Romae
1763 2112 1874 2170 diis
1905 2111 2195 2171 habendo-

254 2239 547 2290 learning
564 2199 666 2280 tha}
708 2225 819 2283 que
868 2205 1082 2264 dilectu
1129 2207 1232 2265 dat
1279 2226 1529 2286 operam,
1560 2207 1852 2267 Hannibal
1899 2208 2194 2287 profectus

256 2307 344 2349 the
374 2306 531 2348 consul
562 2306 666 2347 1⁰¹⁸·
706 2321 776 2360 ex
830 2301 1102 2376 hibernia,
1143 2304 1280 2381 quia
1323 2304 1444 2382 jam
1501 2305 1845 2363 Flaminium
1900 2306 2193 2364 consulem

254 2372 667 2483 ffirffiioeathfflrgi:
705 2397 1003 2456 Arretium
1031 2400 1357 2476 pervenisse
1383 2401 1543 2459 fama
1569 2408 1705 2474 erat,
1731 2421 1860 2461 cum
1889 2402 2046 2460 aliud
2071 2403 2194 2460 lon-

254 2519 355 2557 um,
393 2510 414 2549 t
430 2518 458 2550 a
476 2507 509 2548 k
526 2518 553 2549 ο
570 2517 593 2548 s
634 2517 663 2548 a
701 2495 833 2572 gius
888 2501 1143 2553 ceterum
1198 2498 1561 2556 commodius
1616 2498 2009 2558 ostenderetur
2063 2499 2188 2571 iter,
2252 2505 2287 2555 5

255 2585 507 2694 ἲξτζᾨζ
531 2576 662 2683 ‘2¹3
702 2590 1033 2668 propiorem
1065 2592 1218 2650 viam
1253 2611 1358 2669 per
1387 2593 1654 2670 paludem
1690 2595 1856 2672 petit,
1889 2614 2002 2673 qua
2032 2594 2194 2653 fluvi-

256 2710 467 2752 marshes
484 2708 663 2751 formed
702 2706 771 2744 us
804 2686 998 2746 Arnus
1030 2707 1134 2765 per
1164 2708 1264 2747 eos
1298 2688 1420 2747 dies
1453 2691 1625 2748 solito
1659 2692 1846 2768 magis
1885 2692 2193 2750 inundave-

256 2775 324 2885 ’(ὲῖ
349 2777 428 2884 ῑῑὲθ
448 2777 594 2885 3¹¹⁰·
610 2799 663 2883 ‘f
700 2789 805 2841 rat.
890 2783 1187 2861 Hispanos
1220 2793 1281 2843 et
1312 2785 1494 2844 Afros
1526 2794 1586 2845 et
1619 2805 1789 2844 omne
1821 2788 2073 2845 veterani
2104 2807 2192 2845 ro-

258 2854 544 2953 thgrmsug
545 2853 664 2952 12⁰-
702 2878 811 2938 bur
837 2881 1133 2953 exercitus,
1150 2881 1424 2940 admixtis
1451 2882 1706 2959 ipsorum
1740 2883 2187 2960 impedimentis,

256 2977 659 3030 Imesmanymon
701 2975 909 3034 necubi
953 2978 1263 3035 consistere
1311 2977 1524 3040 coactis
1571 2978 1886 3035 necessaria
1931 2978 2006 3036 ad
2053 2998 2190 3036 usus
2212 2985 2286 3036 10

255 3045 665 3155 Ξῗωῗιζξῗὲξῃῗ
704 3071 981 3144 deessent,
1004 3073 1224 3151 primos
1252 3073 1334 3131 ire
1359 3071 1530 3151 jussit
1552 3089 1566 3145 ;
1611 3072 1772 3150 sequi
1799 3072 2011 3146 Ganos,
2035 3080 2100 3131 ut
2127 3073 2190 3131 id

254 3177 662 3221 tracoeadisorder
701 3168 949 3245 agminis
992 3169 1251 3226 medium
1297 3175 1482 3241 esset3
1525 3168 1868 3226 novissimos
1910 3169 1992 3226 ire
2038 3170 2192 3246 equi-

254 3244 662 3354 ssssehffiffiffafzffl
703 3270 829 3337 tes;
870 3264 1180 3341 Magonem
1224 3265 1362 3323 inde
1410 3284 1543 3322 cum
1592 3264 1875 3342 expeditis
1919 3264 2191 3324 Numidis

255 3389 547 3431 expostum,
568 3377 661 3420 and
703 3379 905 3438 cogere
938 3379 1162 3438 agmen,
1184 3360 1436 3418 maxime
1464 3360 1675 3433 Gallos,
1701 3361 1750 3418 si
1776 3360 1953 3421 taedio
1980 3362 2190 3421 laboris

254 3444 429 3555 {3⁶2⁸
459 3455 575 3487 ⁰¹²⁰
606 3443 659 3486 ⁰¹
702 3456 1007 3534 longaeque
1035 3457 1161 3528 viae,
1178 3463 1246 3514 ut
1274 3462 1361 3515 est
1393 3457 1584 3515 mollis
1611 3456 1685 3514 ad
1711 3457 1850 3515 talia
1874 3477 2033 3536 gem,
2054 3459 2191 3516 dila·
2211 3464 2284 3516 15

700 3552 969 3611 berentur
996 3557 1097 3610 aut
1124 3551 1511 3625 subsisterent,
1535 3552 1917 3612 cohibentem.
1985 3554 2185 3623 Primi,

256 3669 371 3728 qua
409 3648 589 3708 modo
624 3649 897 3727 praeirent
928 3646 1117 3719 duceS,
1148 3666 1252 3724 per
1282 3647 1548 3723 praealtas
1581 3647 1742 3706 fluvii
1773 3669 1839 3706 ac
1870 3647 2189 3725 profundas

256 3746 574 3828 voragines,
593 3745 786 3806 hausti
805 3763 973 3822 paene
1000 3743 1141 3801 limo
1168 3742 1688 3820 immergentesque
1716 3763 1776 3802 se
1802 3749 1997 3801 tamen
2025 3742 2188 3816 signa
