2459 3967
23 996 46 1033 1ζῖ

138 3579 152 3593 ·
220 3566 296 3607 the
313 3566 465 3609 latter.

205 228 363 286 Cn».
391 225 530 305 HL]
791 244 869 284 AB
915 246 1069 285 uana
1114 243 1380 285 comum
1422 244 1599 283 unm.
2073 226 2155 287 95

204 408 324 446 nec
367 387 658 446 dicturum
699 386 895 458 fuisse,
927 386 988 444 ni
1021 386 1243 465 caritas,
1259 387 1349 462 ‘rei
1390 385 1635 463 publicae
1669 386 1935 445 vinceret.
2021 384 2079 443 N
2080 404 2157 443 on
2172 385 2185 393 '

207 485 449 566 eredere
477 484 759 561 populum
777 483 1110 541 'Romanum
1143 470 1387 541 solidam
1415 483 1739 541 libertatem
1767 489 2155 562 recuperatam
2176 486 2251 539 25

206 600 358 639 esse.
370 559 692 663 §Qegium
727 598 927 656 genus,
959 580 1182 657 regium
1215 598 1430 637 nomen
1458 599 1577 637 non
1612 580 1796 638 solum
1830 580 1891 638 in
1926 581 2157 639 civitate

207 678 321 736 sed
356 677 531 735 etiam
572 678 635 734 in
677 677 921 754 imperio
964 695 1119 749 csse3
1165 676 1227 734 id
1262 676 1501 749 officere,
1531 678 1596 735 id
1628 678 1853 737 obstare
1884 678 2152 738 libertati.

210 776 250 803 “
273 775 453 833 Hunc
486 773 600 832 tu”
630 775 821 851 inquit
851 774 884 801 ‘⁶
904 782 1006 831 tua
1038 773 1349 845 voluntate,
1377 774 1436 832 L.
1462 774 1755 853 Tarquini,
1780 795 2007 833 remove
2040 796 2157 834 me-

207 880 365 930 tum.
450 869 836 943 MeminimuS,
872 870 1138 941 fatemur,
1175 870 1398 947 ejecisti
1440 890 1634 949 reges:
1678 871 1907 930 absolve
1947 872 2157 931 benefi-

210 968 377 1026 cium
418 973 602 1039 tuum,
635 968 799 1025 aufer
837 966 974 1025 hinc
1014 967 1237 1044 regium
1279 986 1525 1025 nomen:
1569 986 1658 1025 res
1704 975 1833 1026 tuas
1879 968 1988 1026 tibi
2037 989 2153 1027 non
2175 976 2251 1027 30

212 1065 408 1122 solum
441 1065 686 1123 reddent
719 1064 872 1123 cives
903 1064 1008 1134 tui,
1033 1072 1264 1122 auctore
1298 1084 1408 1136 me,
1436 1064 1553 1135 sed,
1578 1064 1626 1121 si
1660 1065 1801 1142 quid
1833 1065 2009 1137 deest,
2034 1085 2158 1123 mu-

210 1161 390 1238 nifice
417 1162 724 1239 augebunt.
794 1161 1036 1218 Amicus
1064 1161 1189 1233 abi3
1226 1180 1473 1219 exonera
1499 1162 1792 1219 civitatem
1814 1181 1963 1219 vano
1990 1161 2157 1220 forsi-

213 1266 320 1316 tan
357 1266 528 1316 metu.
615 1258 707 1315 Ita
737 1276 1069 1335 persuasum
1103 1265 1190 1315 est
1224 1257 1447 1330 animis,
1479 1230 1609 1337 curii
1643 1234 2155 1337 gente'Tarquinia

57 1383 73 1422 ,-
151 1360 462 1433 >regnum
495 1354 632 1412 hinc
665 1324 1008 1413 abituniinJ’
1065 1334 1330 1411 {Cons'fil'i
1371 1354 1560 1431 primo
1602 1340 1723 1413 tam
1765 1356 2050 1415 novae'rei
2088 1377 2153 1415 ac

215 1452 429 1510 subitae
463 1422 767 1509 admiriatio
800 1428 1104 1509 incluseiat
1138 1436 1337 1509 vocem
1362 1470 1375 1509 :
1420 1452 1606 1510 dicere
1640 1453 1847 1512 deinde
1880 1454 2153 1531 incipien-
2173 1461 2249 1515 35

213 1558 342 1607 tem
369 1548 648 1627 primores
677 1548 922 1606 civitatis
955 1548 1399 1624 circumsistunt,
1425 1549 1623 1606 cadem
1659 1550 1856 1608 multis
1889 1551 2154 1627 precibus

216 1652 403 1704 orant.
488 1646 566 1703 Et
593 1645 766 1703 ceteri
796 1645 1028 1723 quidem
1062 1644 1373 1703 movebant
1404 1646 1629 1703 minus:
1672 1656 1978 1723 postquam
2010 1647 2154 1724 Spu-

215 1743 340 1800 rius
390 1740 702 1813 LucretiuS,
725 1740 925 1818 'major
978 1747 1149 1798 aetate
1204 1760 1269 1799 ac
1325 1730 1627 1819 dignitate,
1653 1761 1823 1817 *socer
1875 1748 2154 1818 praeterea

215 1838 418 1920 ipsius,
443 1857 610 1916 agere
650 1836 804 1895 varie
843 1816 1101 1915 rogar'ido
1143 1834 1375 1895 alternis
1416 1829 1821 1914 suadendoque
1864 1811 2055 1915 coepit,
2087 1846 2153 1896 ut

217 1929 375 1993 vinci
403 1930 478 1993 se³
489 1954 770 1993 consensu
803 1934 1051 1994 civitatis
1079 1922 1384 2012 pateretur,
1408 1936 1620 1993 timens
1653 1934 1869 2006 consul,
1894 1954 1965 1993 ne
1997 1942 2153 2012 post-
2170 1940 2247 1993 40

217 2031 461 2089 modum
505 2032 732 2109 privato
777 2031 886 2089 sibi
931 2014 1137 2101 eadem*
1177 2031 1277 2089 illa
1324 2051 1453 2090 cum
1499 2031 1784 2092 bonorum
1828 2022 2150 2104 amissio‘ne,

219 2128 530 2206 additaque
575 2128 700 2186 alia'
729 2128 962 2207 insuper
1008 2129 1346 2206 ignominia,
1383 2128 1722 2200 acciderent,
1759 2116 2049 2186 abdica'vit
2093 2148 2153 2187 se

220 2225 536 2297 consulatu,
567 2224 847 2303 rebusque
890 2225 1006 2283 suis
1048 2225 1317 2283 omnibus
1350 2226 1648 2283 Lavinium
1691 2227 1979 2285 translatis
2020 2226 2154 2285 civi-

219 2329 342 2379 tate
369 2322 550 2381 cessit.
615 2321 834 2379 Brutus
861 2342 929 2379 ex
959 2330 1187 2379 senatus
1215 2322 1477 2382 consulto
1506 2324 1579 2381 ad
1606 2324 1886 2401 populum
1916 2324 2066 2396 tulit,
2087 2330 2153 2382 ut

220 2439 426 2477 omnes
455 2418 782 2498 Tarquiniae
821 2420 1010 2497 gentis
1048 2419 1269 2478 exsules
1307 2426 1509 2504 essent.
1581 2420 1877 2499 Collegam
1916 2420 2025 2479 sibi
2062 2440 2151 2479 co-
2169 2418 2245 2472 45

218 2516 404 2574 mitiis
447 2516 781 2575 centuriatis
825 2516 1036 2575 creavit
1076 2517 1142 2575 P.
1168 2509 1481 2591 Valerium,
1519 2537 1633 2595 quo
1684 2518 1947 2595 adjutore
1990 2536 2183 2595 regeS.

219 2612 479 2691 ejecerat.

1134 2694 1243 2753 III.

270 2836 406 2879 Some
443 2836 496 2879 or
522 2836 624 2879 the
746 2807 893 2867 Cum
927 2809 1084 2867 haud
1117 2810 1385 2887 cuiquam
1423 2808 1482 2865 in
1522 2809 1700 2867 dubio
1742 2816 1905 2882 esset,
1936 2808 2147 2867 bellum

220 2903 403 2945 Roman
437 2904 624 2955 youth
667 2904 739 2962 ab
772 2905 1097 2984 Tarquiniis
1138 2904 1454 2975 imminere,
1491 2904 1553 2960 id
1602 2904 1835 2981 quidem
1884 2924 1984 2982 spe
2034 2924 2153 2961 om-

220 2968 441 3085 }'Jnffissaelj
453 2969 627 3077 15,ᾞί
666 3002 828 3059 nium
856 3003 1032 3060 serius
1061 3002 1190 3059 fuit.
1265 2999 1551 3070 Ceterum,
1576 2998 1638 3056 id
1661 3000 1817 3077 quod
1845 3019 1961 3057 non
1991 3000 2153 3056 time·

220 3100 352 3143 issssed
390 3101 504 3143 with
544 3102 624 3142 the
664 3097 821 3170 bant,
845 3118 946 3175 per
973 3098 1170 3156 dolum
1200 3116 1265 3154 ac
1294 3095 1682 3174 proditionem
1712 3111 1893 3171 prope
1921 3094 2152 3151 libertas

219 3168 631 3286 ξζξξὲῗῧζῗξίζὲ
667 3194 873 3252 amissa
904 3201 1005 3253 est.
1091 3194 1273 3251 Erant
1303 3194 1366 3249 in
1394 3192 1657 3251 Romana
1687 3189 1985 3267 juventute
2019 3190 2152 3248 ado·
2211 3198 2241 3245 θ

219 3301 332 3342 with
347 3302 428 3343 tho
445 3301 625 3342 ambas-
665 3289 940 3369 lescentes
961 3290 1196 3367 aliquot,
1215 3308 1324 3348 nec
1340 3289 1403 3346 hi
1425 3288 1583 3347 tenui
1605 3288 1732 3346 loco
1756 3286 1884 3358 orti,
1907 3306 2150 3365 quorum

219 3367 446 3485 affulge
458 3367 534 3475 'gr
545 3367 625 3475 ἷζε
667 3386 727 3442 in
749 3405 927 3463 regno
949 3386 1129 3444 libido
1151 3385 1396 3443 solutior
1414 3386 1619 3458 fuerat,
1642 3383 1887 3462 aequales
1908 3384 2153 3443 sodales-

219 3500 495 3542 restoration
551 3498 619 3540 or
667 3500 777 3558 que
799 3481 1246 3539 adolescentium
1263 3480 1723 3559 Tarquiniorum,
1748 3482 1969 3541 adsueti
1990 3501 2151 3539 more

667 3578 827 3653 regio
858 3578 1057 3634 vivere.
1142 3577 1283 3632 Eam
1316 3584 1439 3633 tum
1476 3586 1703 3654 aequato
1731 3578 1857 3653 jure
1890 3578 2151 3634 omnium

219 3673 512 3735 licentiam
559 3680 897 3751 quaerentes,
932 3672 1256 3729 libertatem
1306 3670 1545 3728 aliorum
1594 3674 1655 3729 in
1706 3692 1866 3729 suam
1916 3671 2150 3728 vertisse
2172 3672 2246 3723 10

221 3774 555 3831 servitutem
591 3771 744 3827 inter
775 3790 834 3825 sc
867 3766 1391 3843 conquerebantur:
1436 3758 1654 3842 Regem
1682 3767 1977 3823 hominem
2012 3782 2148 3831 esse,

2338 3862 2437 3927 A
