2459 3967
229 219 378 278 cip,
403 214 607 295 Vm.)
809 236 887 275 An
930 235 1085 276 mum
1129 234 1394 275 commui
1438 234 1613 275 mmu.
2042 218 2167 281 101

233 378 485 448 Veliam,
511 384 587 450 et,
611 376 712 435 ubi
746 396 896 435 nunc
925 376 1088 436 Vicoe
1123 376 1291 435 Potae
1325 384 1427 449 est,
1453 376 1659 435 domus
1692 376 1751 435 in
1786 375 1989 437 infimo
2021 376 2170 437 clivo
2192 380 2270 435 45

234 474 539 533 aedificata.

1124 552 1293 613 VIII.

287 708 494 761 Popular
530 708 645 751 laws
765 666 925 727 Lat‘ae
974 666 1184 727 deinde
1230 666 1423 757 legffsr',
1439 687 1559 755 ¹30¹?
1607 668 1795 751 ⁸,01um
1837 688 1966 749 quae
2008 670 2170 749 Regni

235 774 268 817 b
282 788 304 817 ι-
317 786 393 817 ou
408 776 488 828 gn
501 777 524 817 t
557 774 646 817 ror·
687 764 1012 842 suspicione
1039 756 1729 847 consulemzaixsoifieiehf,
1751 765 1855 841 sed
1875 751 2004 845 quse
2018 766 2171 828 adeo

237 843 371 952 {2⁸³}
385 843 456 960 gg
475 842 647 951 {2¹3ss
686 860 745 918 ³¹³
788 859 1140 919 contrarium
1179 862 1982 947 ‘'⁴2³¹f1'10211211122ut,popularema
1995 864 2171 925 etiam

236 976 332 1019 tius
349 939 526 1019 ehosen
541 986 648 1017 con·
687 957 959 1016 facerent.
1044 956 1188 1015 Inde
1218 950 1557 1035 “coguomfen
1582 939 2189 1025 {faemmffpubificbffi‘

235 1043 378 1163 ἓξὲξ
387 1042 648 1152 ἳξέἔὲἑθ
689 1060 793 1112 est.
877 1052 1036 1111 Ante
1083 1072 1285 1112 omnes
1332 1052 1406 1111 de
1452 1052 1861 1131 provocatione
1904 1053 2173 1115 adversus
2235 1060 2271 1112 5

237 1201 292 1211 ..
307 1176 422 1218 Die
436 1186 460 1217 s
496 1186 525 1218 a
559 1140 647 1217 rev}
686 1149 1058 1227 magistratus
1084 1148 1158 1207 ad
1178 1148 1478 1228 populum,
1504 1149 1893 1228 sacrandoque
1919 1169 2052 1209 oum
2072 1151 2174 1211 bo.

239 1242 648 1353 ἓζζίῆῖξθιξᾞνῗ
688 1246 779 1304 nis
819 1246 1008 1324 capite
1047 1245 1188 1323 ejus,
1219 1246 1322 1324 qui
1369 1246 1534 1323 regni
1574 1246 1896 1325 occupandi
1935 1248 2173 1308 consilia

236 1352 312 1419 >lus
324 1362 498 1419 cliosen
511 1374 647 1417 inhis
687 1342 903 1415 inisset&
947 1348 1130 1420 gratae
1185 1342 1250 1400 in
1296 1341 1503 1420 VlflgUS
1550 1340 1705 1421 leges
1750 1342 1929 1403 fuere·
2015 1343 2171 1415 Quas

239 1442 654 1496 plaoe-Thecap-
694 1458 828 1498 cum
860 1437 1015 1497 solus
1046 1437 1390 1517 pertulisset,
1414 1444 1482 1497 ut
1512 1458 1616 1497 sua
1644 1439 1815 1498 unius
1840 1441 1904 1499 in
1928 1438 2022 1499 his
2047 1461 2173 1520 gra-

241 1512 330 1557 Μ
347 1510 605 1555 dedicated.
685 1535 771 1594 tia
809 1541 974 1607 esset,
1004 1541 1131 1593 tum
1173 1534 1383 1593 deinde
1425 1535 1660 1594 comitia
1698 1536 1935 1615 collegae
1976 1537 2171 1598 subro-
2194 1543 2269 1599 10

239 1634 437 1715 gando
485 1632 704 1692 habuit.
796 1630 1038 1691 Crestus
1084 1630 1184 1710 sp.
1208 1630 1506 1691 Lucretius
1558 1633 1773 1706 consul,
1810 1634 1911 1712 qui
1956 1654 2171 1714 magno

239 1740 402 1805 natu,
431 1750 552 1790 non
593 1728 1006 1789 sufficientibus
1044 1727 1166 1806 jam
1205 1728 1423 1788 viribus
1464 1729 1539 1788 ad
1579 1729 1898 1789 consularia
1934 1751 2174 1791 munera

238 1828 528 1901 obeunda,
553 1828 706 1885 intra
743 1844 959 1903 paucos
999 1825 1122 1883 dies
1160 1825 1421 1885 moritur.
1507 1826 1797 1885 Suffectus
1827 1828 1889 1885 in
1922 1827 2173 1888 Lucretii

240 1926 436 1985 locum
471 1924 550 1983 M.
569 1922 850 1982 Horatius
881 1921 1178 1981 Pulvillus.
1262 1922 1443 2000 Apud
1477 1923 1757 2003 quosdam
1790 1930 2006 1983 veteres
2046 1944 2174 1985 auc-

238 2030 399 2081 tores
425 2039 546 2079 non
574 2019 806 2078 invenio
833 2018 1163 2077 Lucretium
1191 2019 1517 2093 consulem3
1560 2018 1746 2078 Bruto
1775 2020 1971 2079 statim
1992 2021 2176 2082 Hora-
2196 2027 2271 2080 15

235 2120 392 2178 tium
414 2123 747 2197 suggerunt.
818 2117 1025 2191 Cred0,
1051 2118 1188 2196 quia
1203 2118 1364 2177 nulla
1380 2124 1543 2197 gesta
1561 2138 1651 2177 res
1668 2118 1954 2198 insignem
1974 2120 2179 2181 fecerit

239 2216 625 2288 consulatum,
653 2214 934 2274 memoria
979 2215 1352 2275 intercidisse.
1436 2216 1713 2275 Nondum
1754 2217 2017 2278 dedicata
2054 2226 2177 2279 erat

239 2313 308 2371 in
355 2312 650 2392 Capitolio
697 2312 736 2371 J
738 2312 862 2370 ovis
911 2311 1080 2371 aedes.
1163 2312 1431 2372 Valerius
1478 2312 1869 2393 Horatiusque
1916 2317 2178 2376 consules

240 2410 453 2483 sortiti,
479 2416 608 2469 uter
639 2409 944 2468 dedicaret.
1028 2408 1279 2468 Horatio
1320 2416 1473 2469 sorte
1505 2412 1727 2470 evenit:
1770 2412 2071 2474 Publicola
2102 2412 2177 2473 ad

243 2506 583 2567 Veientium
616 2505 833 2565 bellum
871 2505 1184 2585 profectus.
1269 2507 1522 2585 AEgrius,
1547 2527 1718 2586 quam
1752 2510 1995 2588 dignum
2036 2517 2173 2584 erat,
2194 2514 2271 2569 20

243 2603 431 2662 tulere
470 2603 690 2663 Valerii
739 2603 1042 2662 necessarii
1089 2603 1512 2664 dedicationem
1554 2612 1677 2664 tam
1723 2606 1926 2665 incluti
1973 2607 2177 2686 templi

239 2699 494 2759 Horatio
516 2699 656 2758 dari.
727 2698 799 2757 Id
820 2699 1090 2757 omnibus
1115 2699 1307 2757 modis
1334 2700 1613 2778 impedire
1639 2702 1848 2775 conati,
1867 2709 2175 2781 postquam

240 2798 357 2857 alia
387 2798 604 2857 frustra
633 2804 916 2877 temptata
948 2805 1125 2871 erant,
1149 2805 1378 2877 postem
1411 2798 1532 2876 jam
1564 2800 1787 2858 tenenti
1819 2801 2039 2859 consuli
2070 2801 2178 2859 foe-

240 2895 384 2953 dum
421 2895 574 2953 inter
605 2894 994 2973 precationem
1036 2892 1212 2953 deum
1249 2894 1519 2953 nuntium
1552 2894 1857 2967 incutiunt,
1881 2903 2175 2954 mortuum

239 2993 371 3071 ejus
402 2991 585 3050 filium
619 3011 757 3064 esse,
787 2992 1130 3069 funestaque
1161 2991 1386 3053 familia
1424 2990 1687 3049 dedicare
1727 3010 1859 3050 eum
1891 2992 2173 3070 templum
2194 2994 2271 3048 25

239 3110 364 3149 non
390 3109 574 3169 posse.
659 3089 794 3148 Non
829 3088 1134 3148 crediderit
1159 3090 1399 3162 factum,
1425 3107 1499 3147 an
1526 3093 1753 3146 tantum
1787 3088 1983 3146 animo
2009 3087 2178 3146 robo-

237 3188 320 3245 ris
362 3186 555 3259 fuerit,
579 3204 686 3244 nec
725 3185 974 3245 traditur
1013 3191 1234 3244 certum
1275 3206 1382 3245 nec
1414 3183 1813 3263 interpretatio
1851 3190 1938 3242 est
1968 3183 2171 3244 facilis.

240 3284 406 3343 Nihil
439 3282 599 3342 aliud
630 3283 706 3341 ad
737 3302 871 3341 eum
911 3266 1182 3341 nuntium
1214 3302 1252 3341 a
1281 3283 1581 3363 proposito
1623 3300 1864 3355 aversus,
1896 3301 2068 3361 quam
2108 3288 2178 3341 ut

239 3384 484 3443 cadaver
522 3383 713 3443 efferri
745 3381 988 3460 juberet,
1018 3388 1220 3441 tenens
1261 3390 1489 3461 postem
1530 3383 1917 3461 precationem
1951 3383 2177 3462 peragit

238 3488 300 3540 et
327 3480 559 3539 dedicat
585 3478 886 3556 templum.
956 3478 1104 3536 Haec
1131 3486 1269 3556 post
1294 3486 1525 3538 exactos
1550 3499 1713 3557 reges
1740 3479 1899 3539 domi
1926 3480 2175 3538 militiae-
2192 3484 2269 3539 30

239 3597 352 3656 que
372 3583 539 3656 gesta
558 3578 750 3655 primo
772 3593 940 3634 anne.
1013 3574 1158 3632 Inde
1186 3573 1254 3633 P.
1268 3574 1534 3634 Valerius
1564 3575 1778 3634 iterum
1793 3575 1859 3634 Τ.
1876 3576 2174 3633 Lucretius

238 3675 504 3734 consules
529 3674 688 3733 facti.
