<?xml version="1.0" encoding="UTF-8"?>
<!DOCTYPE html PUBLIC "-//W3C//DTD XHTML 1.0 Transitional//EN"
    "http://www.w3.org/TR/xhtml1/DTD/xhtml1-transitional.dtd">
<html xmlns="http://www.w3.org/1999/xhtml" xml:lang="en" lang="en">
 <head>
  <title>
</title>
<meta http-equiv="Content-Type" content="text/html;charset=utf-8" />
  <meta name='ocr-system' content='tesseract 3.04.00' />
  <meta name='ocr-capabilities' content='ocr_page ocr_carea ocr_par ocr_line ocrx_word'/>
</head>
<body>
  <div class='ocr_page' id='page_1' title='image "./titiliviaburbec10livygoog_0137.png"; bbox 0 0 2459 3967; ppageno 0'>
   <div class='ocr_carea' id='block_1_1' title="bbox 259 218 2194 299">
    <p class='ocr_par' dir='ltr' id='par_1_1' title="bbox 259 218 2194 299">
     <span class='ocr_line' id='line_1_1' title="bbox 259 218 2194 299; baseline 0.001 -18"><span class='ocrx_word' id='word_1_1' title='bbox 259 222 408 281; x_wconf 74' lang='lat' dir='ltr'><strong>CAP.</strong></span> <span class='ocrx_word' id='word_1_2' title='bbox 431 218 752 299; x_wconf 69' lang='lat' dir='ltr'>XXXVI]</span> <span class='ocrx_word' id='word_1_3' title='bbox 839 240 916 278; x_wconf 79' lang='lat' dir='ltr'><strong>AB</strong></span> <span class='ocrx_word' id='word_1_4' title='bbox 959 240 1116 279; x_wconf 68' lang='lat' dir='ltr'><strong>uana</strong></span> <span class='ocrx_word' id='word_1_5' title='bbox 1161 240 1426 281; x_wconf 70' lang='lat' dir='ltr'><strong>connrrA</strong></span> <span class='ocrx_word' id='word_1_6' title='bbox 1470 241 1644 280; x_wconf 75' lang='lat' dir='ltr'><strong>unm.</strong></span> <span class='ocrx_word' id='word_1_7' title='bbox 2071 221 2194 283; x_wconf 89' lang='lat'><strong>131</strong></span> 
     </span>
    </p>
   </div>
   <div class='ocr_carea' id='block_1_2' title="bbox 251 380 2290 1629">
    <p class='ocr_par' dir='ltr' id='par_1_2' title="bbox 251 380 2290 1629">
     <span class='ocr_line' id='line_1_2' title="bbox 252 380 2198 459; baseline -0.001 -19"><span class='ocrx_word' id='word_1_8' title='bbox 252 381 418 441; x_wconf 82' lang='lat' dir='ltr'><strong>dicta</strong></span> <span class='ocrx_word' id='word_1_9' title='bbox 459 400 580 439; x_wconf 87' lang='lat' dir='ltr'><strong>non</strong></span> <span class='ocrx_word' id='word_1_10' title='bbox 619 380 861 453; x_wconf 78' lang='lat' dir='ltr'><strong>adesset,</strong></span> <span class='ocrx_word' id='word_1_11' title='bbox 893 388 1315 459; x_wconf 88' lang='lat' dir='ltr'><strong>perseveratum</strong></span> <span class='ocrx_word' id='word_1_12' title='bbox 1348 382 1410 439; x_wconf 90' lang='lat' dir='ltr'><strong>in</strong></span> <span class='ocrx_word' id='word_1_13' title='bbox 1444 382 1531 439; x_wconf 88' lang='lat' dir='ltr'><strong>ira</strong></span> <span class='ocrx_word' id='word_1_14' title='bbox 1562 388 1661 441; x_wconf 92' lang='lat' dir='ltr'><strong>est.</strong></span> <span class='ocrx_word' id='word_1_15' title='bbox 1746 381 2070 439; x_wconf 78' lang='lat' dir='ltr'><strong>Damnatus</strong></span> <span class='ocrx_word' id='word_1_16' title='bbox 2102 380 2198 438; x_wconf 89' lang='lat' dir='ltr'><strong>ab·</strong></span> 
     </span>
     <span class='ocr_line' id='line_1_3' title="bbox 255 477 2290 556; baseline 0.002 -20"><span class='ocrx_word' id='word_1_17' title='bbox 255 499 389 536; x_wconf 89' lang='lat' dir='ltr'><strong>sens</strong></span> <span class='ocrx_word' id='word_1_18' title='bbox 417 479 479 536; x_wconf 92' lang='lat' dir='ltr'><strong>in</strong></span> <span class='ocrx_word' id='word_1_19' title='bbox 510 477 754 536; x_wconf 83' lang='lat' dir='ltr'><strong>Volscos</strong></span> <span class='ocrx_word' id='word_1_20' title='bbox 781 478 1100 536; x_wconf 86' lang='lat' dir='ltr'><strong>exsulatum</strong></span> <span class='ocrx_word' id='word_1_21' title='bbox 1127 478 1288 549; x_wconf 90' lang='lat' dir='ltr'><strong>abiit,</strong></span> <span class='ocrx_word' id='word_1_22' title='bbox 1314 479 1587 537; x_wconf 89' lang='lat' dir='ltr'><strong>minitans</strong></span> <span class='ocrx_word' id='word_1_23' title='bbox 1616 479 1817 556; x_wconf 82' lang='lat' dir='ltr'><strong>patriae</strong></span> <span class='ocrx_word' id='word_1_24' title='bbox 1847 478 2194 555; x_wconf 81' lang='lat' dir='ltr'><strong>hostilesque</strong></span> <span class='ocrx_word' id='word_1_25' title='bbox 2214 489 2290 541; x_wconf 81' lang='lat'><strong>25</strong></span> 
     </span>
     <span class='ocr_line' id='line_1_4' title="bbox 266 575 2195 653; baseline 0.001 -20"><span class='ocrx_word' id='word_1_26' title='bbox 266 576 390 653; x_wconf 84' lang='lat' dir='ltr'><strong>jam</strong></span> <span class='ocrx_word' id='word_1_27' title='bbox 419 583 548 633; x_wconf 90' lang='lat' dir='ltr'><strong>tum</strong></span> <span class='ocrx_word' id='word_1_28' title='bbox 583 575 816 651; x_wconf 87' lang='lat' dir='ltr'><strong>spiritus</strong></span> <span class='ocrx_word' id='word_1_29' title='bbox 849 594 1067 653; x_wconf 74' lang='lat' dir='ltr'><strong>gerenS.</strong></span> <span class='ocrx_word' id='word_1_30' title='bbox 1153 576 1503 634; x_wconf 78' lang='lat' dir='ltr'><strong>Venientem</strong></span> <span class='ocrx_word' id='word_1_31' title='bbox 1532 576 1731 635; x_wconf 83' lang='lat' dir='ltr'><strong>Volsci</strong></span> <span class='ocrx_word' id='word_1_32' title='bbox 1759 576 2005 653; x_wconf 87' lang='lat' dir='ltr'><strong>benigne</strong></span> <span class='ocrx_word' id='word_1_33' title='bbox 2039 595 2195 635; x_wconf 83' lang='lat' dir='ltr'><strong>exce-</strong></span> 
     </span>
     <span class='ocr_line' id='line_1_5' title="bbox 253 671 2194 751; baseline -0.001 -21"><span class='ocrx_word' id='word_1_34' title='bbox 253 692 410 751; x_wconf 90' lang='lat' dir='ltr'><strong>pere,</strong></span> <span class='ocrx_word' id='word_1_35' title='bbox 433 671 854 749; x_wconf 84' lang='lat' dir='ltr'><strong>benigniusque</strong></span> <span class='ocrx_word' id='word_1_36' title='bbox 897 672 958 728; x_wconf 90' lang='lat' dir='ltr'><strong>in</strong></span> <span class='ocrx_word' id='word_1_37' title='bbox 993 671 1116 729; x_wconf 89' lang='lat' dir='ltr'><strong>dies</strong></span> <span class='ocrx_word' id='word_1_38' title='bbox 1157 671 1437 744; x_wconf 86' lang='lat' dir='ltr'><strong>colebant,</strong></span> <span class='ocrx_word' id='word_1_39' title='bbox 1470 692 1585 749; x_wconf 91' lang='lat' dir='ltr'><strong>quo</strong></span> <span class='ocrx_word' id='word_1_40' title='bbox 1618 672 1805 749; x_wconf 82' lang='lat' dir='ltr'><strong>major</strong></span> <span class='ocrx_word' id='word_1_41' title='bbox 1840 673 1925 729; x_wconf 89' lang='lat' dir='ltr'><strong>ira</strong></span> <span class='ocrx_word' id='word_1_42' title='bbox 1957 673 2017 729; x_wconf 89' lang='lat' dir='ltr'><strong>in</strong></span> <span class='ocrx_word' id='word_1_43' title='bbox 2060 692 2194 730; x_wconf 85' lang='lat' dir='ltr'><strong>suos</strong></span> 
     </span>
     <span class='ocr_line' id='line_1_6' title="bbox 255 767 2193 847; baseline 0.001 -21"><span class='ocrx_word' id='word_1_44' title='bbox 255 769 566 839; x_wconf 85' lang='lat' dir='ltr'><strong>eminebat,</strong></span> <span class='ocrx_word' id='word_1_45' title='bbox 598 767 922 846; x_wconf 63' lang='lat' dir='ltr'><strong>crebraeque</strong></span> <span class='ocrx_word' id='word_1_46' title='bbox 951 786 1104 825; x_wconf 88' lang='lat' dir='ltr'><strong>nunc</strong></span> <span class='ocrx_word' id='word_1_47' title='bbox 1134 768 1381 845; x_wconf 80' lang='lat' dir='ltr'><strong>querelae</strong></span> <span class='ocrx_word' id='word_1_48' title='bbox 1414 788 1567 827; x_wconf 88' lang='lat' dir='ltr'><strong>nunc</strong></span> <span class='ocrx_word' id='word_1_49' title='bbox 1600 770 1772 827; x_wconf 80' lang='lat' dir='ltr'><strong>minae</strong></span> <span class='ocrx_word' id='word_1_50' title='bbox 1807 768 2193 847; x_wconf 87' lang='lat' dir='ltr'><strong>percipieban-</strong></span> 
     </span>
     <span class='ocr_line' id='line_1_7' title="bbox 253 864 2191 944; baseline 0 -21"><span class='ocrx_word' id='word_1_51' title='bbox 253 874 364 923; x_wconf 87' lang='lat' dir='ltr'><strong>tur.</strong></span> <span class='ocrx_word' id='word_1_52' title='bbox 452 865 730 944; x_wconf 89' lang='lat' dir='ltr'><strong>Hospitio</strong></span> <span class='ocrx_word' id='word_1_53' title='bbox 753 864 1020 923; x_wconf 88' lang='lat' dir='ltr'><strong>utebatur</strong></span> <span class='ocrx_word' id='word_1_54' title='bbox 1039 864 1192 923; x_wconf 90' lang='lat' dir='ltr'><strong>Attii</strong></span> <span class='ocrx_word' id='word_1_55' title='bbox 1213 865 1405 923; x_wconf 88' lang='lat' dir='ltr'><strong>Tullii.</strong></span> <span class='ocrx_word' id='word_1_56' title='bbox 1490 864 1689 941; x_wconf 87' lang='lat' dir='ltr'><strong>Longe</strong></span> <span class='ocrx_word' id='word_1_57' title='bbox 1710 866 1759 921; x_wconf 87' lang='lat' dir='ltr'><strong>is</strong></span> <span class='ocrx_word' id='word_1_58' title='bbox 1780 873 1905 922; x_wconf 90' lang='lat' dir='ltr'><strong>tum</strong></span> <span class='ocrx_word' id='word_1_59' title='bbox 1926 866 2191 944; x_wconf 89' lang='lat' dir='ltr'><strong>princeps</strong></span> 
     </span>
     <span class='ocr_line' id='line_1_8' title="bbox 254 962 2287 1041; baseline 0.002 -20"><span class='ocrx_word' id='word_1_60' title='bbox 254 963 454 1021; x_wconf 85' lang='lat' dir='ltr'><strong>Volsci</strong></span> <span class='ocrx_word' id='word_1_61' title='bbox 485 962 735 1020; x_wconf 89' lang='lat' dir='ltr'><strong>nominis</strong></span> <span class='ocrx_word' id='word_1_62' title='bbox 764 970 900 1034; x_wconf 88' lang='lat' dir='ltr'><strong>erat,</strong></span> <span class='ocrx_word' id='word_1_63' title='bbox 923 962 1315 1041; x_wconf 87' lang='lat' dir='ltr'><strong>Romanisque</strong></span> <span class='ocrx_word' id='word_1_64' title='bbox 1344 982 1569 1039; x_wconf 85' lang='lat' dir='ltr'><strong>semper</strong></span> <span class='ocrx_word' id='word_1_65' title='bbox 1596 962 1855 1021; x_wconf 87' lang='lat' dir='ltr'><strong>infestus.</strong></span> <span class='ocrx_word' id='word_1_66' title='bbox 1942 962 2033 1019; x_wconf 88' lang='lat' dir='ltr'><strong>Ita</strong></span> <span class='ocrx_word' id='word_1_67' title='bbox 2058 982 2189 1021; x_wconf 86' lang='lat' dir='ltr'><strong>cum</strong></span> <span class='ocrx_word' id='word_1_68' title='bbox 2212 974 2287 1025; x_wconf 86' lang='lat'><strong>30</strong></span> 
     </span>
     <span class='ocr_line' id='line_1_9' title="bbox 251 1060 2193 1133; baseline 0.001 -15"><span class='ocrx_word' id='word_1_69' title='bbox 251 1060 498 1119; x_wconf 85' lang='lat' dir='ltr'><strong>alterum</strong></span> <span class='ocrx_word' id='word_1_70' title='bbox 527 1067 690 1118; x_wconf 86' lang='lat' dir='ltr'><strong>vetus</strong></span> <span class='ocrx_word' id='word_1_71' title='bbox 725 1060 941 1133; x_wconf 82' lang='lat' dir='ltr'><strong>odium,</strong></span> <span class='ocrx_word' id='word_1_72' title='bbox 971 1060 1214 1118; x_wconf 90' lang='lat' dir='ltr'><strong>alterum</strong></span> <span class='ocrx_word' id='word_1_73' title='bbox 1248 1062 1333 1119; x_wconf 92' lang='lat' dir='ltr'><strong>ira</strong></span> <span class='ocrx_word' id='word_1_74' title='bbox 1362 1080 1559 1118; x_wconf 87' lang='lat' dir='ltr'><strong>recens</strong></span> <span class='ocrx_word' id='word_1_75' title='bbox 1591 1060 1924 1131; x_wconf 84' lang='lat' dir='ltr'><strong>stimularet,</strong></span> <span class='ocrx_word' id='word_1_76' title='bbox 1954 1061 2193 1119; x_wconf 89' lang='lat' dir='ltr'><strong>consilia</strong></span> 
     </span>
     <span class='ocr_line' id='line_1_10' title="bbox 251 1156 2190 1235; baseline 0 -20"><span class='ocrx_word' id='word_1_77' title='bbox 251 1158 564 1216; x_wconf 79' lang='lat' dir='ltr'><strong>conferunt</strong></span> <span class='ocrx_word' id='word_1_78' title='bbox 591 1158 663 1215; x_wconf 92' lang='lat' dir='ltr'><strong>de</strong></span> <span class='ocrx_word' id='word_1_79' title='bbox 686 1156 948 1215; x_wconf 86' lang='lat' dir='ltr'><strong>Romano</strong></span> <span class='ocrx_word' id='word_1_80' title='bbox 976 1156 1142 1215; x_wconf 88' lang='lat' dir='ltr'><strong>bello.</strong></span> <span class='ocrx_word' id='word_1_81' title='bbox 1227 1158 1407 1215; x_wconf 86' lang='lat' dir='ltr'><strong>Haud</strong></span> <span class='ocrx_word' id='word_1_82' title='bbox 1433 1156 1601 1215; x_wconf 88' lang='lat' dir='ltr'><strong>facile</strong></span> <span class='ocrx_word' id='word_1_83' title='bbox 1628 1157 1936 1216; x_wconf 89' lang='lat' dir='ltr'><strong>credebant</strong></span> <span class='ocrx_word' id='word_1_84' title='bbox 1962 1157 2190 1235; x_wconf 90' lang='lat' dir='ltr'><strong>plebem</strong></span> 
     </span>
     <span class='ocr_line' id='line_1_11' title="bbox 253 1255 2192 1333; baseline 0.001 -20"><span class='ocrx_word' id='word_1_85' title='bbox 253 1276 414 1313; x_wconf 88' lang='lat' dir='ltr'><strong>suam</strong></span> <span class='ocrx_word' id='word_1_86' title='bbox 451 1255 670 1333; x_wconf 89' lang='lat' dir='ltr'><strong>impelli</strong></span> <span class='ocrx_word' id='word_1_87' title='bbox 705 1274 888 1332; x_wconf 87' lang='lat' dir='ltr'><strong>posse,</strong></span> <span class='ocrx_word' id='word_1_88' title='bbox 919 1262 987 1312; x_wconf 92' lang='lat' dir='ltr'><strong>ut</strong></span> <span class='ocrx_word' id='word_1_89' title='bbox 1016 1256 1230 1313; x_wconf 85' lang='lat' dir='ltr'><strong>totiens</strong></span> <span class='ocrx_word' id='word_1_90' title='bbox 1263 1255 1571 1313; x_wconf 85' lang='lat' dir='ltr'><strong>infeliciter</strong></span> <span class='ocrx_word' id='word_1_91' title='bbox 1602 1262 1885 1333; x_wconf 86' lang='lat' dir='ltr'><strong>temptata</strong></span> <span class='ocrx_word' id='word_1_92' title='bbox 1915 1275 2073 1315; x_wconf 86' lang='lat' dir='ltr'><strong>arma</strong></span> <span class='ocrx_word' id='word_1_93' title='bbox 2104 1274 2192 1315; x_wconf 80' lang='lat' dir='ltr'><strong>ca-</strong></span> 
     </span>
     <span class='ocr_line' id='line_1_12' title="bbox 252 1351 2191 1432; baseline -0.001 -21"><span class='ocrx_word' id='word_1_94' title='bbox 252 1359 472 1432; x_wconf 88' lang='lat' dir='ltr'><strong>perent.</strong></span> <span class='ocrx_word' id='word_1_95' title='bbox 559 1351 758 1410; x_wconf 85' lang='lat' dir='ltr'><strong>Multis</strong></span> <span class='ocrx_word' id='word_1_96' title='bbox 792 1370 944 1430; x_wconf 86' lang='lat' dir='ltr'><strong>saepe</strong></span> <span class='ocrx_word' id='word_1_97' title='bbox 972 1351 1151 1423; x_wconf 89' lang='lat' dir='ltr'><strong>bellis,</strong></span> <span class='ocrx_word' id='word_1_98' title='bbox 1181 1351 1509 1429; x_wconf 84' lang='lat' dir='ltr'><strong>pestilentia</strong></span> <span class='ocrx_word' id='word_1_99' title='bbox 1540 1359 1832 1429; x_wconf 89' lang='lat' dir='ltr'><strong>postremo</strong></span> <span class='ocrx_word' id='word_1_100' title='bbox 1866 1353 2074 1410; x_wconf 88' lang='lat' dir='ltr'><strong>amissa</strong></span> <span class='ocrx_word' id='word_1_101' title='bbox 2103 1352 2191 1429; x_wconf 86' lang='lat' dir='ltr'><strong>ju-</strong></span> 
     </span>
     <span class='ocr_line' id='line_1_13' title="bbox 252 1448 2283 1527; baseline 0 -21"><span class='ocrx_word' id='word_1_102' title='bbox 252 1456 508 1520; x_wconf 85' lang='lat' dir='ltr'><strong>ventute,</strong></span> <span class='ocrx_word' id='word_1_103' title='bbox 537 1448 752 1505; x_wconf 87' lang='lat' dir='ltr'><strong>fractos</strong></span> <span class='ocrx_word' id='word_1_104' title='bbox 785 1449 1017 1525; x_wconf 88' lang='lat' dir='ltr'><strong>spiritus</strong></span> <span class='ocrx_word' id='word_1_105' title='bbox 1050 1466 1200 1520; x_wconf 88' lang='lat' dir='ltr'><strong>esse;</strong></span> <span class='ocrx_word' id='word_1_106' title='bbox 1243 1455 1362 1506; x_wconf 87' lang='lat' dir='ltr'><strong>arte</strong></span> <span class='ocrx_word' id='word_1_107' title='bbox 1394 1449 1681 1525; x_wconf 86' lang='lat' dir='ltr'><strong>agendum</strong></span> <span class='ocrx_word' id='word_1_108' title='bbox 1717 1449 1775 1506; x_wconf 91' lang='lat' dir='ltr'><strong>in</strong></span> <span class='ocrx_word' id='word_1_109' title='bbox 1810 1449 2035 1507; x_wconf 85' lang='lat' dir='ltr'><strong>exoleto</strong></span> <span class='ocrx_word' id='word_1_110' title='bbox 2068 1449 2187 1527; x_wconf 83' lang='lat' dir='ltr'><strong>jam</strong></span> <span class='ocrx_word' id='word_1_111' title='bbox 2209 1456 2283 1507; x_wconf 89' lang='lat'><strong>35</strong></span> 
     </span>
     <span class='ocr_line' id='line_1_14' title="bbox 252 1545 2102 1629; baseline 0.001 -26"><span class='ocrx_word' id='word_1_112' title='bbox 252 1552 539 1605; x_wconf 86' lang='lat' dir='ltr'><strong>vetustate</strong></span> <span class='ocrx_word' id='word_1_113' title='bbox 567 1546 720 1617; x_wconf 84' lang='lat' dir='ltr'><strong>odio,</strong></span> <span class='ocrx_word' id='word_1_114' title='bbox 751 1551 818 1603; x_wconf 88' lang='lat' dir='ltr'><strong>ut</strong></span> <span class='ocrx_word' id='word_1_115' title='bbox 844 1546 1058 1604; x_wconf 88' lang='lat' dir='ltr'><strong>recenti</strong></span> <span class='ocrx_word' id='word_1_116' title='bbox 1087 1546 1279 1624; x_wconf 85' lang='lat' dir='ltr'><strong>aliqua</strong></span> <span class='ocrx_word' id='word_1_117' title='bbox 1304 1546 1388 1603; x_wconf 91' lang='lat' dir='ltr'><strong>ira</strong></span> <span class='ocrx_word' id='word_1_118' title='bbox 1415 1545 1882 1604; x_wconf 82' lang='lat' dir='ltr'><strong>exacerbarentur</strong></span> <span class='ocrx_word' id='word_1_119' title='bbox 1908 1547 2102 1629; x_wconf 85' lang='lat' dir='ltr'><strong>animi.</strong></span> 
     </span>
    </p>
   </div>
   <div class='ocr_carea' id='block_1_3' title="bbox 1078 1716 1369 1783">
    <p class='ocr_par' dir='ltr' id='par_1_3' title="bbox 1078 1716 1369 1783">
     <span class='ocr_line' id='line_1_15' title="bbox 1078 1716 1369 1783; baseline 0.003 -2"><span class='ocrx_word' id='word_1_120' title='bbox 1078 1716 1369 1783; x_wconf 88' lang='lat' dir='ltr'>XXXVI.</span> 
     </span>
    </p>
   </div>
   <div class='ocr_carea' id='block_1_4' title="bbox 303 1834 2179 1913">
    <p class='ocr_par' dir='ltr' id='par_1_4' title="bbox 303 1834 2179 1913">
     <span class='ocr_line' id='line_1_16' title="bbox 303 1834 2179 1913; baseline 0.001 -20"><span class='ocrx_word' id='word_1_121' title='bbox 303 1850 598 1893; x_wconf 73' lang='lat' dir='ltr'><strong>celebration</strong></span> <span class='ocrx_word' id='word_1_122' title='bbox 609 1851 658 1891; x_wconf 78' lang='lat' dir='ltr'><strong>at</strong></span> <span class='ocrx_word' id='word_1_123' title='bbox 778 1834 927 1894; x_wconf 90' lang='lat' dir='ltr'><strong>Ludi</strong></span> <span class='ocrx_word' id='word_1_124' title='bbox 967 1837 1121 1895; x_wconf 85' lang='lat' dir='ltr'><strong>forte</strong></span> <span class='ocrx_word' id='word_1_125' title='bbox 1167 1857 1236 1894; x_wconf 85' lang='lat' dir='ltr'><strong>ex</strong></span> <span class='ocrx_word' id='word_1_126' title='bbox 1282 1838 1691 1895; x_wconf 86' lang='lat' dir='ltr'><strong>instauratione</strong></span> <span class='ocrx_word' id='word_1_127' title='bbox 1738 1838 1935 1913; x_wconf 88' lang='lat' dir='ltr'><strong>magni</strong></span> <span class='ocrx_word' id='word_1_128' title='bbox 1974 1836 2179 1894; x_wconf 78' lang='lat' dir='ltr'><strong>Romae</strong></span> 
     </span>
    </p>
   </div>
   <div class='ocr_carea' id='block_1_5' title="bbox 252 1916 2180 2035">
    <p class='ocr_par' dir='ltr' id='par_1_5' title="bbox 252 1916 2180 2035">
     <span class='ocr_line' id='line_1_17' title="bbox 252 1916 2180 2035; baseline -0.005 -35"><span class='ocrx_word' id='word_1_129' title='bbox 252 1918 395 2025; x_wconf 48' lang='lat'><strong>3123</strong></span> <span class='ocrx_word' id='word_1_130' title='bbox 408 1916 658 2035; x_wconf 49' lang='lat' dir='ltr'><strong>‘&#39;gageghj</strong></span> <span class='ocrx_word' id='word_1_131' title='bbox 698 1932 1056 2009; x_wconf 87' lang='lat' dir='ltr'><strong>parabantur.</strong></span> <span class='ocrx_word' id='word_1_132' title='bbox 1143 1932 1509 1990; x_wconf 87' lang='lat' dir='ltr'><strong>Instaurandi</strong></span> <span class='ocrx_word' id='word_1_133' title='bbox 1559 1933 1685 1989; x_wconf 83' lang='lat' dir='ltr'><strong>haec</strong></span> <span class='ocrx_word' id='word_1_134' title='bbox 1742 1952 1911 1989; x_wconf 87' lang='lat' dir='ltr'><strong>causa</strong></span> <span class='ocrx_word' id='word_1_135' title='bbox 1960 1933 2180 1991; x_wconf 84' lang='lat' dir='ltr'><strong>fuerat:</strong></span> 
     </span>
    </p>
   </div>
   <div class='ocr_carea' id='block_1_6' title="bbox 247 2028 2281 3749">
    <p class='ocr_par' dir='ltr' id='par_1_6' title="bbox 247 2028 2281 3749">
     <span class='ocr_line' id='line_1_18' title="bbox 251 2028 2187 2106; baseline 0.001 -20"><span class='ocrx_word' id='word_1_136' title='bbox 251 2050 532 2093; x_wconf 69' lang='lat' dir='ltr'><strong>occurrence</strong></span> <span class='ocrx_word' id='word_1_137' title='bbox 596 2062 656 2092; x_wconf 89' lang='lat' dir='ltr'><strong>on</strong></span> <span class='ocrx_word' id='word_1_138' title='bbox 698 2028 848 2085; x_wconf 87' lang='lat' dir='ltr'><strong>ludis</strong></span> <span class='ocrx_word' id='word_1_139' title='bbox 877 2048 1044 2087; x_wconf 87' lang='lat' dir='ltr'><strong>mane</strong></span> <span class='ocrx_word' id='word_1_140' title='bbox 1073 2048 1299 2086; x_wconf 89' lang='lat' dir='ltr'><strong>servum</strong></span> <span class='ocrx_word' id='word_1_141' title='bbox 1330 2028 1563 2106; x_wconf 89' lang='lat' dir='ltr'><strong>quidam</strong></span> <span class='ocrx_word' id='word_1_142' title='bbox 1588 2036 1751 2105; x_wconf 85' lang='lat' dir='ltr'><strong>pater</strong></span> <span class='ocrx_word' id='word_1_143' title='bbox 1771 2029 2026 2101; x_wconf 66' lang='lat' dir='ltr'><strong>familiae,</strong></span> <span class='ocrx_word' id='word_1_144' title='bbox 2048 2048 2187 2087; x_wconf 90' lang='lat' dir='ltr'><strong>non-</strong></span> 
     </span>
     <span class='ocr_line' id='line_1_19' title="bbox 253 2119 2187 2227; baseline 0.001 -44"><span class='ocrx_word' id='word_1_145' title='bbox 253 2119 334 2226; x_wconf 56' lang='lat' dir='ltr'><strong>ffig</strong></span> <span class='ocrx_word' id='word_1_146' title='bbox 345 2119 662 2227; x_wconf 49' lang='grc' dir='ltr'><strong>ᾶῐὲοῗῃξὶἕιξ]</strong></span> <span class='ocrx_word' id='word_1_147' title='bbox 705 2125 844 2182; x_wconf 91' lang='lat' dir='ltr'><strong>dum</strong></span> <span class='ocrx_word' id='word_1_148' title='bbox 894 2126 1201 2184; x_wconf 88' lang='lat' dir='ltr'><strong>commisso</strong></span> <span class='ocrx_word' id='word_1_149' title='bbox 1252 2125 1592 2203; x_wconf 80' lang='lat' dir='ltr'><strong>spectacuIO,</strong></span> <span class='ocrx_word' id='word_1_150' title='bbox 1624 2126 1729 2183; x_wconf 92' lang='lat' dir='ltr'><strong>sub</strong></span> <span class='ocrx_word' id='word_1_151' title='bbox 1772 2127 1934 2184; x_wconf 84' lang='lat' dir='ltr'><strong>furca</strong></span> <span class='ocrx_word' id='word_1_152' title='bbox 1974 2146 2187 2184; x_wconf 85' lang='lat' dir='ltr'><strong>caesum</strong></span> 
     </span>
     <span class='ocr_line' id='line_1_20' title="bbox 253 2197 2281 2304; baseline 0.001 -25"><span class='ocrx_word' id='word_1_153' title='bbox 253 2253 346 2294; x_wconf 80' lang='lat' dir='ltr'><strong>and</strong></span> <span class='ocrx_word' id='word_1_154' title='bbox 371 2197 583 2304; x_wconf 47' lang='lat' dir='ltr'><strong>wygssing</strong></span> <span class='ocrx_word' id='word_1_155' title='bbox 605 2252 657 2295; x_wconf 74' lang='lat' dir='ltr'><strong>or</strong></span> <span class='ocrx_word' id='word_1_156' title='bbox 703 2222 896 2279; x_wconf 89' lang='lat' dir='ltr'><strong>medio</strong></span> <span class='ocrx_word' id='word_1_157' title='bbox 925 2229 1118 2298; x_wconf 86' lang='lat' dir='ltr'><strong>egerat</strong></span> <span class='ocrx_word' id='word_1_158' title='bbox 1145 2223 1312 2280; x_wconf 85' lang='lat' dir='ltr'><strong>circO.</strong></span> <span class='ocrx_word' id='word_1_159' title='bbox 1391 2221 1585 2299; x_wconf 80' lang='lat' dir='ltr'><strong>Ooepti</strong></span> <span class='ocrx_word' id='word_1_160' title='bbox 1614 2222 1749 2281; x_wconf 86' lang='lat' dir='ltr'><strong>inde</strong></span> <span class='ocrx_word' id='word_1_161' title='bbox 1774 2223 1913 2295; x_wconf 89' lang='lat' dir='ltr'><strong>ludi,</strong></span> <span class='ocrx_word' id='word_1_162' title='bbox 1939 2222 2094 2281; x_wconf 85' lang='lat' dir='ltr'><strong>velut</strong></span> <span class='ocrx_word' id='word_1_163' title='bbox 2122 2243 2189 2282; x_wconf 90' lang='lat' dir='ltr'><strong>ea</strong></span> <span class='ocrx_word' id='word_1_164' title='bbox 2247 2230 2281 2281; x_wconf 90' lang='lat'><em>5</em></span> 
     </span>
     <span class='ocr_line' id='line_1_21' title="bbox 251 2318 2187 2396; baseline 0.001 -20"><span class='ocrx_word' id='word_1_165' title='bbox 251 2320 665 2363; x_wconf 57' lang='lat' dir='ltr'><strong>Latinius—After</strong></span> <span class='ocrx_word' id='word_1_166' title='bbox 704 2337 793 2375; x_wconf 91' lang='lat' dir='ltr'><strong>res</strong></span> <span class='ocrx_word' id='word_1_167' title='bbox 840 2318 985 2375; x_wconf 89' lang='lat' dir='ltr'><strong>nihil</strong></span> <span class='ocrx_word' id='word_1_168' title='bbox 1034 2319 1108 2375; x_wconf 83' lang='lat' dir='ltr'><strong>ad</strong></span> <span class='ocrx_word' id='word_1_169' title='bbox 1155 2318 1491 2396; x_wconf 89' lang='lat' dir='ltr'><strong>religionem</strong></span> <span class='ocrx_word' id='word_1_170' title='bbox 1543 2320 1924 2396; x_wconf 85' lang='lat' dir='ltr'><strong>pertinuisset.</strong></span> <span class='ocrx_word' id='word_1_171' title='bbox 2010 2320 2187 2378; x_wconf 89' lang='lat' dir='ltr'><strong>Haud</strong></span> 
     </span>
     <span class='ocr_line' id='line_1_22' title="bbox 251 2388 2183 2499; baseline 0 -26"><span class='ocrx_word' id='word_1_172' title='bbox 251 2389 403 2499; x_wconf 45' lang='lat' dir='ltr'><strong>Z&#39;ffih</strong></span> <span class='ocrx_word' id='word_1_173' title='bbox 413 2388 562 2497; x_wconf 54' lang='grc' dir='ltr'><strong>6ζῖξὲ</strong></span> <span class='ocrx_word' id='word_1_174' title='bbox 591 2389 662 2497; x_wconf 55' lang='grc' dir='ltr'><strong>ἒῗ</strong></span> <span class='ocrx_word' id='word_1_175' title='bbox 701 2415 784 2472; x_wconf 89' lang='lat' dir='ltr'><strong>ita</strong></span> <span class='ocrx_word' id='word_1_176' title='bbox 811 2415 999 2472; x_wconf 88' lang='lat' dir='ltr'><strong>multo</strong></span> <span class='ocrx_word' id='word_1_177' title='bbox 1033 2422 1168 2493; x_wconf 88' lang='lat' dir='ltr'><strong>post</strong></span> <span class='ocrx_word' id='word_1_178' title='bbox 1198 2415 1335 2473; x_wconf 88' lang='lat' dir='ltr'><strong>Tito</strong></span> <span class='ocrx_word' id='word_1_179' title='bbox 1370 2414 1614 2488; x_wconf 79' lang='lat' dir='ltr'><strong>Latinio,</strong></span> <span class='ocrx_word' id='word_1_180' title='bbox 1640 2416 1712 2473; x_wconf 92' lang='lat' dir='ltr'><strong>de</strong></span> <span class='ocrx_word' id='word_1_181' title='bbox 1745 2416 1910 2493; x_wconf 88' lang='lat' dir='ltr'><strong>plebe</strong></span> <span class='ocrx_word' id='word_1_182' title='bbox 1943 2417 2183 2488; x_wconf 88' lang='lat' dir='ltr'><strong>homini,</strong></span> 
     </span>
     <span class='ocr_line' id='line_1_23' title="bbox 249 2512 2176 2590; baseline 0.003 -25"><span class='ocrx_word' id='word_1_183' title='bbox 249 2525 406 2575; x_wconf 78' lang='lat' dir='ltr'><strong>verely</strong></span> <span class='ocrx_word' id='word_1_184' title='bbox 431 2524 660 2575; x_wconf 75' lang='lat' dir='ltr'><strong>punished</strong></span> <span class='ocrx_word' id='word_1_185' title='bbox 701 2512 991 2569; x_wconf 89' lang='lat' dir='ltr'><strong>somnium</strong></span> <span class='ocrx_word' id='word_1_186' title='bbox 1034 2512 1164 2569; x_wconf 74' lang='lat' dir='ltr'><strong>fuit.</strong></span> <span class='ocrx_word' id='word_1_187' title='bbox 1250 2512 1427 2572; x_wconf 84' lang='lat' dir='ltr'><strong>Visus</strong></span> <span class='ocrx_word' id='word_1_188' title='bbox 1460 2512 1689 2590; x_wconf 87' lang='lat' dir='ltr'><strong>Jupiter</strong></span> <span class='ocrx_word' id='word_1_189' title='bbox 1721 2514 1907 2571; x_wconf 87' lang='lat' dir='ltr'><strong>dicere</strong></span> <span class='ocrx_word' id='word_1_190' title='bbox 1950 2514 2058 2571; x_wconf 90' lang='lat' dir='ltr'><strong>sibi</strong></span> <span class='ocrx_word' id='word_1_191' title='bbox 2102 2513 2176 2570; x_wconf 83' lang='lat' dir='ltr'><strong>lu-</strong></span> 
     </span>
     <span class='ocr_line' id='line_1_24' title="bbox 251 2591 2184 2701; baseline 0.001 -35"><span class='ocrx_word' id='word_1_192' title='bbox 251 2591 658 2701; x_wconf 46' lang='lat' dir='ltr'><strong>gistgioioedg’hhig</strong></span> <span class='ocrx_word' id='word_1_193' title='bbox 699 2607 790 2665; x_wconf 91' lang='lat' dir='ltr'><strong>dis</strong></span> <span class='ocrx_word' id='word_1_194' title='bbox 818 2608 1273 2684; x_wconf 74' lang='lat' dir='ltr'><strong>praesultatorem</strong></span> <span class='ocrx_word' id='word_1_195' title='bbox 1304 2609 1693 2687; x_wconf 84' lang='lat' dir='ltr'><strong>displicuisse:</strong></span> <span class='ocrx_word' id='word_1_196' title='bbox 1738 2610 1848 2667; x_wconf 89' lang='lat' dir='ltr'><strong>nisi</strong></span> <span class='ocrx_word' id='word_1_197' title='bbox 1881 2609 2184 2687; x_wconf 87' lang='lat' dir='ltr'><strong>magnifice</strong></span> 
     </span>
     <span class='ocr_line' id='line_1_25' title="bbox 251 2705 2279 2782; baseline -0.001 -14"><span class='ocrx_word' id='word_1_198' title='bbox 251 2728 424 2776; x_wconf 77' lang='lat' dir='ltr'><strong>dream,</strong></span> <span class='ocrx_word' id='word_1_199' title='bbox 455 2727 547 2768; x_wconf 82' lang='lat' dir='ltr'><strong>and</strong></span> <span class='ocrx_word' id='word_1_200' title='bbox 582 2726 660 2767; x_wconf 77' lang='lat' dir='ltr'><strong>the</strong></span> <span class='ocrx_word' id='word_1_201' title='bbox 703 2706 1151 2763; x_wconf 87' lang='lat' dir='ltr'><strong>instaurarentur</strong></span> <span class='ocrx_word' id='word_1_202' title='bbox 1204 2706 1247 2763; x_wconf 92' lang='lat' dir='ltr'><strong>ii</strong></span> <span class='ocrx_word' id='word_1_203' title='bbox 1295 2705 1435 2777; x_wconf 88' lang='lat' dir='ltr'><strong>ludi,</strong></span> <span class='ocrx_word' id='word_1_204' title='bbox 1480 2706 1795 2782; x_wconf 90' lang='lat' dir='ltr'><strong>periculum</strong></span> <span class='ocrx_word' id='word_1_205' title='bbox 1852 2706 1979 2763; x_wconf 88' lang='lat' dir='ltr'><strong>urbi</strong></span> <span class='ocrx_word' id='word_1_206' title='bbox 2036 2707 2177 2764; x_wconf 85' lang='lat' dir='ltr'><strong>fore.</strong></span> <span class='ocrx_word' id='word_1_207' title='bbox 2206 2713 2279 2767; x_wconf 92' lang='lat'><strong>10</strong></span> 
     </span>
     <span class='ocr_line' id='line_1_26' title="bbox 251 2794 2183 2902; baseline 0.001 -42"><span class='ocrx_word' id='word_1_208' title='bbox 251 2794 464 2847; x_wconf 82' lang='lat' dir='ltr'><strong>waming</strong></span> <span class='ocrx_word' id='word_1_209' title='bbox 489 2802 660 2902; x_wconf 48' lang='lat' dir='ltr'><strong>‘¹⁰5⁰m·</strong></span> <span class='ocrx_word' id='word_1_210' title='bbox 703 2802 834 2874; x_wconf 89' lang='lat' dir='ltr'><strong>Iret,</strong></span> <span class='ocrx_word' id='word_1_211' title='bbox 851 2822 918 2860; x_wconf 88' lang='lat' dir='ltr'><strong>ea</strong></span> <span class='ocrx_word' id='word_1_212' title='bbox 934 2802 1263 2861; x_wconf 89' lang='lat' dir='ltr'><strong>consulibus</strong></span> <span class='ocrx_word' id='word_1_213' title='bbox 1280 2802 1583 2859; x_wconf 86' lang='lat' dir='ltr'><strong>nuntiaret.</strong></span> <span class='ocrx_word' id='word_1_214' title='bbox 1650 2802 2009 2880; x_wconf 84' lang='lat' dir='ltr'><strong>Quamquam</strong></span> <span class='ocrx_word' id='word_1_215' title='bbox 2029 2803 2183 2861; x_wconf 89' lang='lat' dir='ltr'><strong>haud</strong></span> 
     </span>
     <span class='ocr_line' id='line_1_27' title="bbox 249 2862 2184 2975; baseline -0.001 -17"><span class='ocrx_word' id='word_1_216' title='bbox 249 2862 658 2971; x_wconf 46' lang='lat' dir='ltr'><strong>phznggpghtggg</strong></span> <span class='ocrx_word' id='word_1_217' title='bbox 701 2919 835 2957; x_wconf 87' lang='lat' dir='ltr'><strong>sane</strong></span> <span class='ocrx_word' id='word_1_218' title='bbox 883 2898 1026 2957; x_wconf 91' lang='lat' dir='ltr'><strong>liber</strong></span> <span class='ocrx_word' id='word_1_219' title='bbox 1075 2906 1195 2957; x_wconf 85' lang='lat' dir='ltr'><strong>erat</strong></span> <span class='ocrx_word' id='word_1_220' title='bbox 1242 2898 1519 2975; x_wconf 85' lang='lat' dir='ltr'><strong>religione</strong></span> <span class='ocrx_word' id='word_1_221' title='bbox 1568 2898 1809 2970; x_wconf 90' lang='lat' dir='ltr'><strong>animus,</strong></span> <span class='ocrx_word' id='word_1_222' title='bbox 1845 2900 2184 2957; x_wconf 84' lang='lat' dir='ltr'><strong>verecundia</strong></span> 
     </span>
     <span class='ocr_line' id='line_1_28' title="bbox 249 2994 2181 3075; baseline -0.002 -19"><span class='ocrx_word' id='word_1_223' title='bbox 249 2996 432 3039; x_wconf 78' lang='lat' dir='ltr'><strong>Senate.</strong></span> <span class='ocrx_word' id='word_1_224' title='bbox 698 3003 891 3055; x_wconf 89' lang='lat' dir='ltr'><strong>tamen</strong></span> <span class='ocrx_word' id='word_1_225' title='bbox 921 2996 1240 3075; x_wconf 85' lang='lat' dir='ltr'><strong>majestatis</strong></span> <span class='ocrx_word' id='word_1_226' title='bbox 1267 2995 1707 3071; x_wconf 84' lang='lat' dir='ltr'><strong>magistratuum</strong></span> <span class='ocrx_word' id='word_1_227' title='bbox 1736 2994 2003 3051; x_wconf 91' lang='lat' dir='ltr'><strong>timorem</strong></span> <span class='ocrx_word' id='word_1_228' title='bbox 2026 2995 2181 3066; x_wconf 85' lang='lat' dir='ltr'><strong>vicit,</strong></span> 
     </span>
     <span class='ocr_line' id='line_1_29' title="bbox 249 3090 2185 3171; baseline -0.003 -17"><span class='ocrx_word' id='word_1_229' title='bbox 249 3116 325 3154; x_wconf 90' lang='lat' dir='ltr'><strong>ne</strong></span> <span class='ocrx_word' id='word_1_230' title='bbox 353 3096 414 3153; x_wconf 90' lang='lat' dir='ltr'><strong>in</strong></span> <span class='ocrx_word' id='word_1_231' title='bbox 444 3114 546 3154; x_wconf 89' lang='lat' dir='ltr'><strong>ora</strong></span> <span class='ocrx_word' id='word_1_232' title='bbox 564 3094 868 3152; x_wconf 89' lang='lat' dir='ltr'><strong>hominum</strong></span> <span class='ocrx_word' id='word_1_233' title='bbox 897 3114 1002 3171; x_wconf 91' lang='lat' dir='ltr'><strong>pro</strong></span> <span class='ocrx_word' id='word_1_234' title='bbox 1031 3093 1281 3152; x_wconf 89' lang='lat' dir='ltr'><strong>ludibrio</strong></span> <span class='ocrx_word' id='word_1_235' title='bbox 1310 3092 1507 3149; x_wconf 87' lang='lat' dir='ltr'><strong>abiret.</strong></span> <span class='ocrx_word' id='word_1_236' title='bbox 1593 3090 1806 3166; x_wconf 87' lang='lat' dir='ltr'><strong>Magno</strong></span> <span class='ocrx_word' id='word_1_237' title='bbox 1828 3090 1909 3146; x_wconf 88' lang='lat' dir='ltr'><strong>illi</strong></span> <span class='ocrx_word' id='word_1_238' title='bbox 1933 3110 1999 3147; x_wconf 89' lang='lat' dir='ltr'><strong>ea</strong></span> <span class='ocrx_word' id='word_1_239' title='bbox 2018 3110 2185 3148; x_wconf 90' lang='lat' dir='ltr'><strong>cunc-</strong></span> 
     </span>
     <span class='ocr_line' id='line_1_30' title="bbox 249 3186 2276 3269; baseline -0.002 -18"><span class='ocrx_word' id='word_1_240' title='bbox 249 3194 398 3251; x_wconf 91' lang='lat' dir='ltr'><strong>tatio</strong></span> <span class='ocrx_word' id='word_1_241' title='bbox 427 3193 622 3250; x_wconf 81' lang='lat' dir='ltr'><strong>st&#39;etit:</strong></span> <span class='ocrx_word' id='word_1_242' title='bbox 666 3191 850 3249; x_wconf 90' lang='lat' dir='ltr'><strong>filium</strong></span> <span class='ocrx_word' id='word_1_243' title='bbox 877 3210 1126 3269; x_wconf 89' lang='lat' dir='ltr'><strong>namque</strong></span> <span class='ocrx_word' id='word_1_244' title='bbox 1153 3191 1305 3247; x_wconf 88' lang='lat' dir='ltr'><strong>intra</strong></span> <span class='ocrx_word' id='word_1_245' title='bbox 1332 3208 1545 3267; x_wconf 89' lang='lat' dir='ltr'><strong>paucos</strong></span> <span class='ocrx_word' id='word_1_246' title='bbox 1566 3186 1689 3244; x_wconf 87' lang='lat' dir='ltr'><strong>dies</strong></span> <span class='ocrx_word' id='word_1_247' title='bbox 1716 3186 1923 3244; x_wconf 83' lang='lat' dir='ltr'><strong>amisit.</strong></span> <span class='ocrx_word' id='word_1_248' title='bbox 2001 3187 2182 3265; x_wconf 87' lang='lat' dir='ltr'><strong>Cujus</strong></span> <span class='ocrx_word' id='word_1_249' title='bbox 2204 3194 2276 3247; x_wconf 90' lang='lat'><strong>15</strong></span> 
     </span>
     <span class='ocr_line' id='line_1_31' title="bbox 249 3284 2181 3368; baseline -0.003 -20"><span class='ocrx_word' id='word_1_250' title='bbox 249 3291 570 3368; x_wconf 80' lang='lat' dir='ltr'><strong>repentinae</strong></span> <span class='ocrx_word' id='word_1_251' title='bbox 611 3287 789 3347; x_wconf 88' lang='lat' dir='ltr'><strong>cladis</strong></span> <span class='ocrx_word' id='word_1_252' title='bbox 830 3308 902 3346; x_wconf 91' lang='lat' dir='ltr'><strong>ne</strong></span> <span class='ocrx_word' id='word_1_253' title='bbox 943 3307 1112 3346; x_wconf 89' lang='lat' dir='ltr'><strong>causa</strong></span> <span class='ocrx_word' id='word_1_254' title='bbox 1152 3288 1328 3345; x_wconf 90' lang='lat' dir='ltr'><strong>dubia</strong></span> <span class='ocrx_word' id='word_1_255' title='bbox 1368 3293 1531 3359; x_wconf 87' lang='lat' dir='ltr'><strong>esset,</strong></span> <span class='ocrx_word' id='word_1_256' title='bbox 1566 3304 1721 3363; x_wconf 85' lang='lat' dir='ltr'><strong>aegro</strong></span> <span class='ocrx_word' id='word_1_257' title='bbox 1764 3284 1941 3342; x_wconf 90' lang='lat' dir='ltr'><strong>animi</strong></span> <span class='ocrx_word' id='word_1_258' title='bbox 1982 3286 2181 3345; x_wconf 87' lang='lat' dir='ltr'><strong>eadem</strong></span> 
     </span>
     <span class='ocr_line' id='line_1_32' title="bbox 249 3383 2185 3463; baseline -0.002 -18"><span class='ocrx_word' id='word_1_259' title='bbox 249 3386 347 3445; x_wconf 84' lang='lat' dir='ltr'><strong>illa</strong></span> <span class='ocrx_word' id='word_1_260' title='bbox 374 3388 434 3445; x_wconf 90' lang='lat' dir='ltr'><strong>in</strong></span> <span class='ocrx_word' id='word_1_261' title='bbox 463 3387 684 3445; x_wconf 87' lang='lat' dir='ltr'><strong>somnis</strong></span> <span class='ocrx_word' id='word_1_262' title='bbox 713 3385 1011 3443; x_wconf 87' lang='lat' dir='ltr'><strong>obversata</strong></span> <span class='ocrx_word' id='word_1_263' title='bbox 1038 3385 1253 3461; x_wconf 90' lang='lat' dir='ltr'><strong>species</strong></span> <span class='ocrx_word' id='word_1_264' title='bbox 1282 3385 1402 3442; x_wconf 88' lang='lat' dir='ltr'><strong>visa</strong></span> <span class='ocrx_word' id='word_1_265' title='bbox 1430 3391 1516 3443; x_wconf 90' lang='lat' dir='ltr'><strong>est</strong></span> <span class='ocrx_word' id='word_1_266' title='bbox 1543 3384 1807 3461; x_wconf 88' lang='lat' dir='ltr'><strong>rogitare,</strong></span> <span class='ocrx_word' id='word_1_267' title='bbox 1834 3383 1997 3441; x_wconf 88' lang='lat' dir='ltr'><strong>satin’</strong></span> <span class='ocrx_word' id='word_1_268' title='bbox 2027 3404 2185 3463; x_wconf 88' lang='lat' dir='ltr'><strong>mag-</strong></span> 
     </span>
     <span class='ocr_line' id='line_1_33' title="bbox 248 3480 2183 3562; baseline -0.002 -20"><span class='ocrx_word' id='word_1_269' title='bbox 248 3504 386 3542; x_wconf 89' lang='lat' dir='ltr'><strong>nam</strong></span> <span class='ocrx_word' id='word_1_270' title='bbox 415 3485 594 3562; x_wconf 85' lang='lat' dir='ltr'><strong>spreti</strong></span> <span class='ocrx_word' id='word_1_271' title='bbox 622 3483 876 3541; x_wconf 87' lang='lat' dir='ltr'><strong>numinis</strong></span> <span class='ocrx_word' id='word_1_272' title='bbox 903 3481 1139 3539; x_wconf 73' lang='lat' dir='ltr'><strong>haber-et</strong></span> <span class='ocrx_word' id='word_1_273' title='bbox 1164 3481 1519 3539; x_wconf 86' lang='lat' dir='ltr'><strong>mercedem:</strong></span> <span class='ocrx_word' id='word_1_274' title='bbox 1562 3480 1843 3557; x_wconf 82' lang='lat' dir='ltr'><strong>majorem</strong></span> <span class='ocrx_word' id='word_1_275' title='bbox 1871 3481 2097 3553; x_wconf 89' lang='lat' dir='ltr'><strong>instare,</strong></span> <span class='ocrx_word' id='word_1_276' title='bbox 2120 3482 2183 3538; x_wconf 88' lang='lat' dir='ltr'><strong>ni</strong></span> 
     </span>
     <span class='ocr_line' id='line_1_34' title="bbox 247 3575 2179 3659; baseline -0.004 -19"><span class='ocrx_word' id='word_1_277' title='bbox 247 3590 342 3640; x_wconf 87' lang='lat' dir='ltr'><strong>eat</strong></span> <span class='ocrx_word' id='word_1_278' title='bbox 369 3599 613 3659; x_wconf 89' lang='lat' dir='ltr'><strong>propere</strong></span> <span class='ocrx_word' id='word_1_279' title='bbox 641 3598 708 3636; x_wconf 90' lang='lat' dir='ltr'><strong>ac</strong></span> <span class='ocrx_word' id='word_1_280' title='bbox 733 3579 965 3636; x_wconf 90' lang='lat' dir='ltr'><strong>nuntiet</strong></span> <span class='ocrx_word' id='word_1_281' title='bbox 985 3575 1330 3633; x_wconf 87' lang='lat' dir='ltr'><strong>consulibus.</strong></span> <span class='ocrx_word' id='word_1_282' title='bbox 1406 3576 1444 3633; x_wconf 86' lang='lat' dir='ltr'>J</span> <span class='ocrx_word' id='word_1_283' title='bbox 1446 3595 1537 3633; x_wconf 91' lang='lat' dir='ltr'><strong>am</strong></span> <span class='ocrx_word' id='word_1_284' title='bbox 1560 3577 1899 3652; x_wconf 88' lang='lat' dir='ltr'><strong>praesentior</strong></span> <span class='ocrx_word' id='word_1_285' title='bbox 1918 3596 2007 3634; x_wconf 86' lang='lat' dir='ltr'><strong>res</strong></span> <span class='ocrx_word' id='word_1_286' title='bbox 2029 3584 2179 3633; x_wconf 89' lang='lat' dir='ltr'><strong>erat:</strong></span> 
     </span>
     <span class='ocr_line' id='line_1_35' title="bbox 247 3672 2273 3749; baseline -0.006 -12"><span class='ocrx_word' id='word_1_287' title='bbox 247 3685 615 3737; x_wconf 87' lang='lat' dir='ltr'><strong>cunctantem</strong></span> <span class='ocrx_word' id='word_1_288' title='bbox 651 3684 844 3733; x_wconf 85' lang='lat' dir='ltr'><strong>tamen</strong></span> <span class='ocrx_word' id='word_1_289' title='bbox 888 3694 954 3731; x_wconf 89' lang='lat' dir='ltr'><strong>ac</strong></span> <span class='ocrx_word' id='word_1_290' title='bbox 994 3672 1377 3749; x_wconf 88' lang='lat' dir='ltr'><strong>prolatantem</strong></span> <span class='ocrx_word' id='word_1_291' title='bbox 1410 3672 1613 3747; x_wconf 88' lang='lat' dir='ltr'><strong>ingens</strong></span> <span class='ocrx_word' id='word_1_292' title='bbox 1646 3673 1731 3729; x_wconf 88' lang='lat' dir='ltr'><strong>vis</strong></span> <span class='ocrx_word' id='word_1_293' title='bbox 1762 3672 1952 3729; x_wconf 89' lang='lat' dir='ltr'><strong>morbi</strong></span> <span class='ocrx_word' id='word_1_294' title='bbox 1984 3672 2184 3729; x_wconf 88' lang='lat' dir='ltr'><strong>adorta</strong></span> <span class='ocrx_word' id='word_1_295' title='bbox 2200 3674 2273 3726; x_wconf 79' lang='lat'><strong>20</strong></span> 
     </span>
    </p>
   </div>
   <div class='ocr_carea' id='block_1_7' title="bbox 245 3764 2178 3834">
    <p class='ocr_par' dir='ltr' id='par_1_7' title="bbox 245 3764 2178 3834">
     <span class='ocr_line' id='line_1_36' title="bbox 245 3764 2178 3834; baseline -0.008 1"><span class='ocrx_word' id='word_1_296' title='bbox 245 3784 336 3834; x_wconf 86' lang='lat' dir='ltr'><strong>est</strong></span> <span class='ocrx_word' id='word_1_297' title='bbox 363 3768 662 3834; x_wconf 86' lang='lat' dir='ltr'><strong>debilitate</strong></span> <span class='ocrx_word' id='word_1_298' title='bbox 689 3770 893 3829; x_wconf 90' lang='lat' dir='ltr'><strong>subita.</strong></span> <span class='ocrx_word' id='word_1_299' title='bbox 978 3767 1140 3825; x_wconf 88' lang='lat' dir='ltr'><strong>Tunc</strong></span> <span class='ocrx_word' id='word_1_300' title='bbox 1169 3766 1459 3823; x_wconf 87' lang='lat' dir='ltr'><strong>enimvero</strong></span> <span class='ocrx_word' id='word_1_301' title='bbox 1487 3767 1724 3823; x_wconf 89' lang='lat' dir='ltr'><strong>deorum</strong></span> <span class='ocrx_word' id='word_1_302' title='bbox 1754 3768 1838 3823; x_wconf 89' lang='lat' dir='ltr'><strong>ira</strong></span> <span class='ocrx_word' id='word_1_303' title='bbox 1864 3764 2178 3823; x_wconf 90' lang='lat' dir='ltr'><strong>admonuit.</strong></span> 
     </span>
    </p>
   </div>
  </div>
 </body>
</html>
