2459 3967
247 205 401 265 Off.
425 202 671 283 XLIV.]
827 225 903 262 AB
948 225 1103 264 URBE
1150 224 1414 265 comm-A
1458 225 1633 264 unm.
2068 204 2190 266 205

249 385 468 445 magna
500 384 691 444 operae
726 366 909 443 pretia
941 367 1161 438 mereri,
1192 373 1422 424 tantum
1455 367 1677 425 itineris
1711 385 1814 444 per
1845 372 1936 424 tot
1967 371 2196 422 montes

248 464 609 541 fluminaque
643 470 703 521 et
735 470 827 522 tot
860 470 1105 521 armatas
1137 471 1338 541 gentes
1371 483 1649 523 emensos.
1735 463 1852 521 Hie
1887 462 2049 521 vobis
2086 469 2194 520 ter·

252 562 479 618 minum
508 560 769 618 laborum
800 560 1037 617 fortuna
1064 559 1264 632 dedit3
1306 560 1401 617 hic
1431 560 1666 637 dignam
1697 559 2017 618 mercedem
2047 577 2193 616 eme—

251 659 379 716 ritis
408 657 713 736 stipendiis
741 656 917 715 dabit.
988 657 1046 714 N
1047 676 1111 714 ec
1138 676 1312 735 quam
1340 658 1536 735 magni
1563 658 1816 714 nominis
1843 656 2057 716 bellum
2086 662 2188 729 est,

252 764 375 813 tam
417 754 711 813 difficilem
754 753 1143 812 existimaritis
1186 754 1486 811 victoriam
1527 754 1668 812 fore.
1754 753 1922 831 Saepe
1962 759 2020 811 et
2060 772 2192 812 eon·
2212 760 2285 812 30

251 859 511 929 temptus
543 851 729 909 hostis
771 857 1068 908 cruentum
1112 857 1398 908 certamen
1434 851 1634 921 edidit,
1665 857 1724 908 et
1755 850 1957 908 incluti
1989 851 2191 928 populi

250 969 529 1027 regesque
570 949 786 1026 perlevi
826 955 1125 1006 momento
1174 948 1315 1007 vieti
1364 954 1513 1006 sunt.
1599 947 1768 1018 Nam,
1801 948 2038 1024 dempto
2079 948 2190 1006 hoe

250 1066 370 1104 uno
412 1045 641 1124 fulgore
674 1046 925 1104 nominis
964 1045 1232 1117 Romani,
1265 1045 1407 1123 quid
1448 1052 1534 1103 est
1576 1063 1678 1102 cur
1719 1044 1802 1102 illi
1835 1043 1998 1101 vobis
2039 1063 2192 1100 com-

250 1143 494 1220 parandi
534 1143 691 1200 sint?
772 1142 861 1202 Ut
896 1143 1103 1220 viginti
1136 1161 1420 1201 annorum
1460 1141 1726 1200 militiam
1769 1149 2012 1200 vestram
2057 1160 2188 1198 cum

249 1241 350 1298 illa
382 1240 610 1312 virtute,
643 1259 774 1297 eum
813 1240 909 1297 illa
940 1240 1179 1298 fortuna
1210 1247 1448 1311 taceam,
1480 1239 1551 1296 ab
1586 1238 1853 1298 Herculis
1887 1238 2184 1312 columniS,
2209 1246 2282 1298 35

249 1337 325 1395 ab
357 1337 589 1396 Oceano
630 1337 1005 1414 terminisque
1046 1337 1267 1395 ultimis
1307 1344 1601 1410 terrarum,
1632 1357 1736 1415 per
1777 1344 1867 1395 tot
1907 1337 2189 1396 ferocissi-

250 1453 379 1492 mos
406 1434 709 1512 Hispaniae
738 1441 797 1492 et
824 1434 1027 1492 Galliae
1055 1434 1320 1512 populos,
1345 1435 1636 1493 vincentes
1665 1435 1776 1492 hue
1809 1435 2148 1512 pervenistis
2171 1453 2184 1492 :

248 1531 585 1609 pugnabitis
620 1550 752 1588 eum
786 1531 1039 1590 exercitu
1072 1532 1277 1602 tirone,
1300 1531 1408 1589 hac
1437 1532 1564 1608 ipsa
1597 1539 1793 1590 aestate
1823 1551 1988 1604 caes0,
2013 1532 2184 1604 victO,

248 1629 623 1687 circumsesso
668 1647 703 1685 a
745 1627 941 1699 Gallis,
974 1629 1177 1705 ignoto
1226 1628 1414 1686 adhue
1456 1629 1588 1686 duci
1631 1648 1734 1687 suo
1785 1630 2187 1707 ignorantique

248 1726 473 1784 ducem.
558 1725 657 1782 An
699 1745 792 1783 me
833 1726 893 1782 in
932 1726 1205 1802 praetorio
1239 1725 1434 1802 patriS‚
1467 1725 1764 1783 clarissimi
1806 1727 2182 1803 imperatoriS‚
2204 1732 2280 1785 40

246 1842 430 1900 prope
462 1829 682 1893 natum,
714 1829 865 1880 certe
900 1822 1190 1894 eductum,
1224 1822 1572 1880 domitorem
1617 1823 1918 1900 Hispaniae
1959 1823 2186 1880 Galliae-

248 1939 377 1998 que,
410 1919 685 1977 victorem
731 1919 978 1977 eundem
1020 1938 1137 1976 non
1172 1917 1518 1997 Alpinarum
1561 1920 1739 1978 modo
1780 1919 2040 1995 gentium
2084 1919 2185 1978 sed

245 2017 520 2094 ipsarum,
546 2016 705 2093 quod
731 2016 917 2074 multo
948 2015 1139 2094 majus
1172 2023 1276 2087 est,
1301 2015 1556 2094 Alpium,
1581 2036 1711 2074 eum
1742 2017 2040 2074 semenstri
2071 2015 2184 2074 hoc

245 2116 543 2173 conferam
573 2115 733 2186 duce,
759 2114 1047 2172 desertore
1080 2115 1362 2172 exereitus
1389 2114 1520 2172 sui?
1601 2113 1707 2172 Cui
1742 2115 1790 2172 si
1819 2115 1962 2192 quie,
1988 2114 2185 2192 demp-

243 2214 321 2271 tis
356 2213 553 2289 signis,
579 2211 795 2269 Poenos
828 2211 1236 2288 Romanosque
1269 2211 1444 2270 hodie
1479 2212 1760 2284 ostendat,
1787 2213 2180 2290 ignoraturum
2203 2219 2279 2272 45

244 2316 469 2368 certum
510 2309 712 2380 habe0‚
750 2309 933 2366 utrius
974 2309 1254 2367 exercitus
1296 2309 1371 2367 sit
1412 2310 1632 2368 consul.
1720 2310 1776 2368 N
1779 2331 1855 2368 on
1889 2330 1998 2388 ego
2039 2310 2183 2370 illud

242 2408 409 2484 parvi
456 2407 699 2477 aestimO,
729 2405 960 2477 milites,
992 2406 1151 2484 quod
1198 2426 1369 2464 nemo
1419 2414 1507 2466 est
1551 2414 1820 2480 vestrum,
1851 2408 2016 2485 cujus
2065 2427 2182 2466 non

244 2513 379 2563 ante
422 2504 619 2562 oeulos
662 2504 785 2581 ipse
830 2523 985 2582 saepe
1032 2504 1280 2562 militare
1324 2504 1559 2584 aliquod
1600 2507 1877 2565 ediderim
1919 2506 2179 2576 facinus3

245 2605 338 2662 cui
368 2623 486 2661 non
516 2603 671 2660 idem
700 2623 808 2680 ego
839 2603 1066 2661 virtutis
1095 2609 1382 2680 spectator
1410 2623 1474 2662 ae
1502 2605 1666 2662 testis
1694 2612 1892 2663 notata-
1913 2604 2182 2680 tempori-

243 2702 353 2759 bus
381 2701 635 2778 locisque
662 2700 873 2758 referre
903 2719 1005 2758 sua
1032 2700 1248 2777 possim
1281 2700 1500 2759 decora.
1576 2701 1725 2762 Cum
1755 2701 1998 2762 laudatis
2027 2720 2060 2757 a
2089 2720 2180 2758 me
2203 2708 2276 2758 50

242 2799 432 2858 milies
463 2798 821 2881 donatisque,
836 2797 1101 2855 alumnus
1122 2797 1283 2875 prius
1312 2797 1572 2854 omnium
1595 2805 1846 2856 vestrum
1877 2817 2048 2874 quam
2079 2798 2183 2856 im-

244 2903 491 2974 perator,
523 2893 830 2972 procedam
866 2893 925 2950 in
960 2894 1141 2952 aciem
1176 2893 1445 2952 adversus
1478 2893 1710 2974 ignotos
1744 2894 1896 2950 inter
1928 2913 1988 2950 se
2022 2894 2182 2969 igno-

244 3001 563 3071 rantesque.

1103 3072 1318 3131 XLIV.

292 3195 541 3272 Har-mgna
584 3193 638 3234 or
770 3187 805 3215 ‘⁴
821 3187 1199 3266 Quocumque
1222 3185 1547 3245 circumtuli
1571 3183 1782 3256 oculos,
1799 3183 1968 3261 plena
1987 3184 2182 3242 omnia

242 3261 646 3372 ξῗὲἒιζειῦἑῗηξέ
688 3284 855 3343 video
890 3284 1215 3342 animorum
1251 3289 1314 3340 ae
1349 3283 1607 3354 roboris3
1658 3288 1988 3340 veteranum
2023 3281 2182 3360 pedi-

242 3397 342 3438 ued.
686 3388 823 3452 tem,
847 3380 1413 3456 generosissimarum
1447 3380 1708 3457 gentium
1743 3378 1964 3455 equites
1997 3379 2182 3437 frena-

240 3485 333 3536 tos
361 3478 811 3555 infrenatosque,
836 3498 938 3534 vos
972 3477 1157 3534 socios
1185 3475 1548 3533 fidelissimos
1575 3477 2052 3555 fortissimosque,
2077 3498 2181 3536 vos

241 3575 763 3652 Carthaginienses,
796 3593 927 3630 eum
963 3574 1037 3631 ob
1072 3573 1318 3648 patriam
1353 3579 1478 3628 tum
1516 3573 1590 3630 ob
1623 3574 1768 3630 iram
1801 3573 2176 3650 justissimam
2240 3575 2274 3624 5

240 3678 619 3750 pugnaturos,
707 3668 1018 3726 Inferimus
1046 3667 1278 3736 bellum,
1303 3667 1642 3746 infestisque
1676 3669 1855 3746 signis
1889 3667 2181 3725 descendi-

240 3787 371 3826 mus
410 3766 474 3825 in
507 3765 753 3835 Italiam,
783 3770 947 3821 tanto
991 3761 1262 3818 audacius
1295 3760 1618 3839 fortiusque
1659 3763 1970 3840 pugnaturi
2004 3777 2178 3834 quam
