2459 3967
11 232 16 268 ὗ

220 230 374 292 CAP.
397 228 596 310 XVL]
847 250 924 289 AB
967 251 1123 291 unns
1168 251 1433 292 coum-n
1476 254 1650 295 unm.
2037 233 2166 302 177

1129 474 1267 534 XV.

265 630 497 674 Immense
505 630 636 683 plun-
757 584 1008 663 Captum
1051 587 1335 663 oppidum
1376 594 1463 645 est
1504 608 1636 647 cum
1680 589 1904 667 ingenti
1952 576 2171 668 praedas

231 699 315 741 der
334 698 554 740 obtained
575 698 637 750 by
679 680 1041 759 Quamquam
1074 682 1344 761 pleraque
1386 684 1457 741 ab
1492 685 1743 743 dominis
1779 687 1851 745 de
1886 687 2169 747 industria

233 766 637 883 ιῧθδῗῗίῖξᾞᾶἰ
677 784 946 855 corrupta
986 785 1162 850 erant,
1193 786 1255 837 et
1294 780 1357 837 in
1401 780 1657 839 caedibus
1697 782 1793 839 vix
1834 782 2016 841 ullum
2058 785 2169 843 dis-

231 844 313 941 ἷζρ
325 899 456 941 dates
465 899 639 951 ΜΨ.
681 874 898 931 crimen
943 876 1128 933 aetatis
1169 875 1256 933 ira
1294 876 1527 948 fecerat,
1559 882 1618 935 et
1660 878 1873 954 captivi
1913 880 2167 939 militum

231 966 313 1041 ed.
327 965 389 1017 ΒΥ
424 966 638 1072 ᾶὲῐῑθῒθῦῖ
677 970 876 1047 praeda
906 970 1154 1044 fuerant,
1184 978 1380 1031 tamen
1415 978 1474 1030 et
1503 992 1571 1029 ex
1602 974 1790 1050 pretio
1819 992 2009 1033 rerum
2037 995 2169 1033 ven·
2229 984 2263 1034 5

232 1036 411 1141 32:3⁵
448 1034 636 1151 {302¹ss
677 1067 930 1127 ditatum
979 1067 1339 1145 aliquantum
1388 1070 1649 1146 pecuniae
1700 1056 1997 1129 redactum
2048 1090 2168 1129 esse

233 1167 317 1218 ing
342 1170 392 1208 ῐο
417 1166 512 1208 this
531 1171 638 1219 part
679 1169 920 1235 constat,
965 1170 1026 1221 et
1077 1164 1321 1221 multam
1378 1167 1691 1243 pretiosam
1756 1166 2167 1244 supellectilem

233 1234 290 1276 ⁰¹
302 1232 379 1275 ὼε
398 1244 505 1275 'm‘
678 1264 1008 1336 vestemque
1034 1260 1271 1317 missam
1300 1260 1724 1339 Carthaginem.

315 1348 537 1416 Octavo
569 1374 783 1429 mense,
815 1376 986 1434 quam
1020 1365 1278 1435 coeptum
1312 1362 1651 1437 oppugnari,
1682 1367 1917 1439 captum
1951 1361 2168 1440 Sagun-

233 1461 362 1513 tum
392 1453 626 1531 quidam
656 1453 928 1531 scripsere
951 1472 966 1527 3
1009 1455 1145 1513 inde
1173 1456 1583 1535 Carthaginem
1611 1477 1820 1517 novam
1848 1459 1909 1516 in
1930 1459 2169 1517 hiberna
2190 1463 2264 1515 10

233 1550 625 1609 Hannibalem
676 1551 1054 1625 concessisse3
1114 1554 1319 1631 quinto
1369 1555 1578 1613 deinde
1624 1575 1838 1627 mense,
1876 1575 2048 1633 quam
2096 1556 2168 1614 ab

234 1646 586 1723 Carthagine
615 1647 911 1724 profectus
945 1648 1036 1720 sit,
1061 1649 1122 1707 in
1151 1649 1381 1707 Italiam
1414 1652 1755 1728 pervenisse.
1840 1651 1982 1720 Quae
2013 1653 2060 1709 si
2088 1653 2171 1710 ita

213 1751 388 1816 sunt,
418 1742 542 1801 fieri
573 1763 691 1802 non
725 1744 936 1821 potuit,
956 1751 1023 1804 ut
1055 1746 1122 1803 P.
1145 1746 1445 1805 Cornelius
1477 1747 1604 1805 Tib.
1626 1748 1999 1825 Sempronius
2039 1769 2171 1806 con-

233 1842 386 1901 sules
419 1841 656 1914 fuerint,
682 1842 758 1901 ad
792 1862 944 1920 quos·
971 1850 1030 1901 et
1062 1844 1349 1921 principio
1384 1845 1833 1921 oppugnationis
1866 1843 2040 1921 legati
2075 1845 2171 1903 Sa-

135 1950 144 1957 ·
233 1938 468 2019 guntini
495 1939 657 1997 missi
687 1939 818 2012 sint,
846 1946 904 1999 et
933 1939 1032 2018 qui
1065 1942 1125 1998 in
1161 1960 1265 1999 suo
1293 1942 1635 2017 magistratu
1664 1960 1792 1999 cum
1824 1941 2165 2014 Hannibale,
2192 1946 2265 1999 15

234 2039 380 2099 alter
412 2039 487 2097 ad
519 2038 785 2097 Ticinum
821 2058 1067 2110 amnem,
1093 2038 1265 2097 ambo
1301 2038 1593 2116 aliquanto
1629 2045 1763 2115 post
1796 2039 1871 2097 ad
1902 2038 2169 2097 Trebiam

233 2136 634 2214 pugnaverint.
719 2135 843 2193 Aut
877 2136 1074 2193 omnia
1105 2135 1367 2193 breviora
1403 2135 1696 2213 aliquanto
1730 2135 1909 2207 fuere,
1939 2144 2039 2193 aut
2075 2136 2171 2194 Sa-

234 2239 484 2309 guntum
525 2231 810 2309 principio
856 2232 1007 2303 anni,
1042 2252 1156 2309 quo
1206 2232 1274 2290 P.
1300 2231 1601 2289 Cornelius
1649 2231 1775 2289 Tib.
1798 2230 2170 2309 Sempronius

235 2328 500 2387 consules
538 2329 790 2401 fuerunt,
820 2348 938 2387 non
981 2335 1238 2405 coeptum
1280 2329 1605 2407 oppugnari
1649 2335 1735 2387 est
1776 2330 1878 2389 sed
1917 2337 2167 2407 captum.

236 2425 390 2485 Nam
425 2426 728 2483 excessisse
761 2444 960 2503 pugna
991 2426 1065 2483 ad
1092 2426 1361 2484 Trebiam
1395 2426 1455 2483 in
1490 2446 1704 2484 annum
1734 2425 1839 2485 Cn.
1862 2426 2085 2485 Servilii
2113 2434 2171 2485 et
2190 2431 2267 2483 20

235 2522 302 2583 C.
328 2522 597 2581 Flaminii
629 2541 748 2579 non
789 2529 1000 2599 potest,
1026 2522 1161 2598 quia
1192 2522 1257 2580 C.
1279 2522 1592 2580 Flaminius
1623 2522 1879 2581 Arimini
1920 2523 2173 2583 consula-

233 2625 363 2677 tum
398 2619 548 2691 iniit,
573 2625 796 2676 creatus
837 2638 872 2676 a
910 2618 1038 2676 Tib.
1065 2618 1411 2696 Sempronio
1453 2620 1701 2692 consule,
1727 2621 1827 2699 qui
1866 2627 2000 2698 post
2031 2640 2173 2698 pug-

161 2732 170 2746 ·
235 2736 372 2774 nam
402 2716 477 2774 ad
497 2714 768 2773 Trebiam
797 2715 870 2773 ad
892 2716 1166 2773 creandos
1194 2714 1455 2773 consules
1477 2716 1723 2773 Romam
1752 2736 1884 2774 cum
1906 2717 2169 2791 venisset,

237 2811 492 2871 comitiis
517 2812 792 2890 perfectis
823 2811 900 2871 ad
927 2812 1241 2871 exercitum
1269 2812 1329 2868 in
1356 2810 1599 2869 hiberna
1622 2810 1810 2873 rediit.

1524 2898 1543 2928 s
1602 2926 1618 2939 ,

1115 2988 1285 3048 XVI.
1422 2950 1533 3064 ,ξιξ
1556 2998 1561 3003 ·

285 3136 332 3179 ῃ
374 3147 452 3179 wa
486 3135 540 3178 or
559 3135 641 3178 th„
763 3102 884 3161 Sub
919 3102 1073 3162 idem
1106 3103 1228 3161 fere
1268 3109 1499 3181 tempus
1540 3109 1599 3162 et
1630 3101 1823 3180 legati,
1856 3101 1955 3180 qui
1996 3100 2174 3162 redie-

238 3201 319 3245 f⁸¹¹
343 3202 398 3243 0¹
425 3200 640 3253 sagun—
680 3206 810 3256 rant
836 3198 908 3256 ab
937 3198 1305 3277 Carthagine,
1330 3198 1577 3258 Romam
1606 3197 1951 3258 rettulerunt
1978 3199 2173 3257 omnia

237 3266 640 3377 ἓῇἓῖξὲἑὲ
680 3294 914 3357 hostffla
953 3314 1090 3367 esse,
1122 3302 1182 3352 et
1222 3294 1469 3373 Sagunti
1511 3296 1799 3355 excidium
1840 3295 2171 3355 nuntiatum

239 3403 367 3443 ment
383 3400 474 3443 and
495 3401 639 3443 alam
682 3398 796 3463 est3
839 3396 1148 3469 tantusque
1182 3391 1353 3450 simul
1386 3412 1596 3451 maeror
1626 3398 1819 3471 patres
1857 3391 2172 3451 misericor-

237 3464 284 3508 ¹¹²
305 3466 408 3509 ⁰³⁸²
425 3467 531 3519 ‘my‘
681 3488 890 3565 diaque
923 3489 1208 3546 sociorum
1242 3496 1673 3566 peremptorum
1706 3488 1945 3567 indigne
1979 3495 2038 3547 et
2069 3508 2172 3565 pu·
2231 3499 2266 3549 5

239 3584 346 3643 dor
377 3603 498 3641 non
529 3583 632 3643 lati
665 3584 862 3641 auxilii
903 3591 962 3643 et
997 3586 1083 3641 ira
1122 3584 1182 3641 in
1219 3583 1718 3659 Carthaginienses
1757 3592 2060 3661 metusque
2098 3583 2169 3641 de

238 3699 466 3739 summa
495 3700 687 3739 rerum
730 3681 902 3757 cepit,
926 3680 1084 3737 velut
1117 3679 1165 3736 si
1196 3677 1316 3753 jam
1340 3678 1433 3735 ad
1465 3686 1661 3756 portas
1692 3680 1875 3738 hostis
1918 3685 2080 3749 esset,
2103 3684 2171 3734 ut

237 3782 330 3835 tot
366 3794 484 3835 uno
526 3782 788 3854 tempore
828 3773 1085 3831 motibus
1125 3772 1305 3829 animi
1337 3773 1553 3832 turbati
1593 3774 1945 3851 trepidarent
1984 3770 2169 3844 magis

1140 3868 1203 3926 H
1232 3874 1266 3925 2
