2459 3967
356 217 483 279 236
1174 231 1290 271 rm
1331 233 1456 271 uvi
1901 210 2052 288 [Lm.
2085 213 2292 272 XXII.

356 375 605 452 insignia
644 380 806 432 erant
838 380 897 432 et
928 374 1130 432 luctus.
1214 373 1412 432 Unam
1453 374 1514 432 in
1555 375 1682 451 ipsa
1721 381 1892 452 porta
1929 375 2134 452 sospiti
2169 374 2294 432 filio
2314 381 2381 432 40

355 479 589 550 repente
633 471 883 529 oblatam
922 472 983 528 in
1020 471 1323 548 complexu
1363 470 1488 548 ejus
1527 473 1840 548 exspirasse
1873 471 2109 543 ferunt3
2154 472 2295 530 alte-

354 587 494 640 ram,
526 569 619 652 cui
663 587 819 625 mors
860 566 965 625 filii
1009 567 1158 625 falso
1202 567 1468 625 nuntiata
1511 573 1646 640 erat,
1682 573 1946 625 maestam
1991 568 2292 626 sedentem

356 665 531 736 domi,
564 663 639 722 ad
675 665 925 743 primum
966 670 1340 742 conspectum
1381 663 1674 722 redeuntis
1713 663 1817 720 filii
1848 663 2064 740 gaudio
2106 665 2292 723 nimio

355 763 754 821 exanimatam.
840 761 1115 820 Senatum
1156 768 1434 840 praetores
1474 779 1578 838 per
1617 760 1741 819 dies
1781 760 2002 840 aliquot
2043 761 2118 819 ab
2161 769 2293 820 orto

355 879 535 938 usque
573 861 647 918 ad
680 858 1039 918 occidentem
1076 858 1257 917 solem
1293 858 1356 915 in
1395 858 1552 916 curia
1581 858 1848 929 retinent,
1879 858 2290 932 consultantes,
2313 865 2384 917 45

357 977 607 1036 quonam
635 957 781 1016 duce
808 963 909 1014 aut
934 955 1117 1033 copiis
1144 954 1354 1034 quibus
1380 954 1567 1014 resisti
1594 954 1905 1014 victoribus
1932 954 2136 1014 Poenis
2162 949 2296 1034 hos-

356 1025 532 1161 am)
614 1059 711 1165 x
1234 1131 1402 1192 vm

396 1261 603 1303 Another
614 1271 757 1303 unex-
877 1249 1219 1327 Priusquam
1241 1247 1380 1305 satis
1407 1254 1561 1306 certa
1587 1247 1827 1306 consilia
1853 1256 2061 1320 essent,
2081 1268 2296 1326 repens
2425 1171 2432 1292 ¹

356 1327 535 1434 {2⁰¹}fo
544 1327 757 1435 233⁸]
796 1343 909 1402 alia
947 1344 1245 1402 nuntiatur
1275 1342 1480 1417 clades,
1511 1349 1784 1421 quattuor
1824 1343 1983 1401 milia
2023 1345 2296 1422 equitum
2427 1323 2431 1332 *

356 1461 481 1502 Four
526 1459 755 1503 thousand
796 1459 929 1514 cum
974 1440 1039 1499 G.
1064 1439 1348 1499 Centenio
1389 1446 1744 1519 propraetore
1787 1441 1965 1498 missa
2005 1441 2083 1498 ad
2121 1441 2297 1500 colle—

357 1528 596 1635 {⁰33ss
609 1527 683 1636 ἓξ
697 1527 758 1636 *g
797 1555 931 1614 gam
964 1535 1037 1594 ab
1070 1535 1311 1594 Servilio
1345 1535 1577 1594 consule
1608 1536 1672 1593 in
1705 1535 1969 1608 Umbria,
2001 1555 2118 1614 quo
2151 1545 2298 1615 post

357 1661 559 1703 Umbria.
585 1629 755 1704 -u‘he
795 1651 1052 1710 pugnam
1084 1631 1160 1690 ad
1186 1631 1642 1690 Trasumennum
1673 1632 1931 1690 auditam
1965 1639 2295 1693 averterant
2351 1640 2378 1689 5

357 1731 490 1780 state,
530 1729 579 1770 1¹¹
624 1731 756 1782 great
794 1729 920 1799 iter,
936 1728 1009 1786 ab
1030 1727 1358 1786 Hannibale
1385 1728 1786 1786 circumventa.
1853 1727 1999 1806 Ejus
2024 1729 2108 1787 rei
2129 1729 2296 1788 fama

357 1795 758 1916 ἓᾚέᾗὶζξῗὲῗ
798 1824 950 1882 varie
982 1823 1248 1882 homines
1281 1824 1526 1882 adfecit:
1568 1844 1715 1902 pars,
1739 1825 2034 1902 occupatis
2065 1825 2294 1903 majore

356 1940 460 1973 mus
495 1928 759 1981 pro-‹ncta-
800 1920 1141 1998 aegritudine
1170 1920 1393 1992 animis,
1413 1919 1598 1979 levem
1625 1939 1695 1978 ex
1723 1920 2155 1998 comparatione
2174 1923 2296 1999 pri-

357 1996 759 2108 ζῗὲἱξῖᾶκῗέζ
800 2036 965 2076 orum
1028 2016 1236 2076 ducere
1295 2023 1582 2075 recentem
1643 2017 1904 2094 equitum
1963 2016 2253 2095 jacturam
2278 2037 2294 2093 3

356 2133 559 2174 master
593 2131 648 2173 of
678 2131 759 2174 the
798 2133 929 2192 pars
972 2131 1090 2171 non
1133 2112 1198 2171 id
1235 2113 1393 2192 quod
1435 2111 1718 2172 acciderat
1749 2132 1854 2191 per
1883 2132 1943 2172 se
1981 2114 2292 2188 aestimare,
2316 2118 2382 2170 10

356 2200 504 2242 ¹¹⁰¹*ss
800 2210 917 2282 sed,
940 2215 1007 2268 ut
1034 2210 1095 2268 in
1124 2209 1354 2268 adfecto
1387 2227 1626 2288 corpore
1653 2210 1913 2288 quamvis
1944 2209 2084 2268 levis
2117 2230 2297 2270 causa

358 2306 545 2386 magis
586 2325 759 2386 quam
793 2306 983 2365 valido
1016 2307 1246 2384 gravior
1277 2307 1597 2380 sentiretur,
1621 2308 1705 2365 ita
1735 2314 1862 2366 tum
1897 2327 2066 2387 aegrae
2099 2315 2160 2368 et
2191 2310 2297 2367 ad-

358 2404 529 2464 fectae
559 2406 779 2465 civitati
802 2405 1206 2484 quodcumque
1235 2404 1458 2464 adversi
1476 2404 1758 2478 inciderit,
1773 2425 1892 2464 non
1917 2425 2106 2464 rerum
2128 2424 2296 2484 mag-

358 2502 639 2574 nitudine,
671 2503 773 2561 sed
804 2501 1019 2561 viribus
1052 2503 1390 2576 extenuatiS,
1421 2522 1550 2581 quae
1583 2501 1728 2561 nihil
1763 2503 1920 2581 quod
1951 2503 2294 2580 adgravaret
2414 2515 2428 2652 Ι

358 2600 481 2676 pati
516 2606 769 2677 possent,
800 2599 1203 2658 aestimandum
1247 2619 1384 2659 esse.
1469 2599 1670 2678 Itaque
1708 2599 1782 2658 ad
1813 2600 2130 2658 remedium
2162 2599 2289 2678 jam
2313 2607 2379 2657 15
2411 2654 2428 2662 ,

359 2696 460 2754 diu
482 2715 665 2775 neque
688 2695 1071 2755 desideratum
1099 2716 1205 2755 nec
1233 2696 1577 2770 adhibitum,
1593 2696 1932 2755 dictatorem
1955 2697 2287 2771 dicendum,

357 2793 557 2851 civitas
588 2792 869 2870 confugit.
952 2792 1031 2850 Et
1064 2792 1199 2871 quia
1239 2798 1298 2850 et
1330 2792 1530 2850 consul
1561 2791 1771 2865 aberat,
1802 2810 1838 2850 a
1871 2811 1984 2870 quo
2017 2811 2135 2850 uno
2170 2793 2291 2851 dici

356 2911 524 2969 posse
557 2891 875 2962 videbatur,
905 2909 1010 2948 nee
1042 2909 1146 2968 per
1186 2895 1525 2966 occupatam
1567 2890 1740 2946 armis
1780 2889 2015 2947 Punicis
2055 2889 2288 2948 Italiam

355 2989 525 3048 facile
567 2994 689 3047 erat
732 2994 832 3045 aut
874 2987 1144 3045 nuntium
1190 2991 1292 3044 aut
1332 2985 1553 3044 litteras
1595 2985 1768 3058 mitti,
1798 3005 1904 3044 nec
1945 2985 2287 3044 dictatorem

355 3086 605 3165 populus
636 3103 825 3143 creare
850 3089 1092 3170 poterat,
1117 3081 1277 3160 quod
1307 3100 1624 3159 numquam
1657 3088 1789 3140 ante
1823 3102 1950 3140 eam
1982 3081 2137 3140 diem
2170 3083 2288 3141 fac-
2306 3086 2375 3138 20

355 3192 481 3243 tum
528 3189 664 3254 erat,
694 3182 1142 3260 prodictatorem
1186 3178 1437 3257 populus
1480 3179 1698 3236 creavit
1735 3177 1804 3248 Q.
1829 3178 2069 3236 Fabium
2106 3180 2288 3237 Maxi·
2423 3115 2425 3246 1

356 3299 516 3336 mum
552 3286 611 3337 et
642 3279 983 3356 magistrum
1021 3277 1282 3355 equitum
1315 3274 1393 3333 M.
1419 3274 1738 3332 Minucium
1771 3274 1992 3333 Rufum
2016 3293 2030 3348 ;
2079 3275 2283 3354 hisque
2423 3283 2426 3324 1

356 3375 655 3447 negotium
688 3374 761 3431 ab
795 3380 993 3432 senatu
1022 3373 1223 3431 datum
1257 3378 1324 3429 ut
1355 3391 1550 3429 muros
1583 3378 1878 3449 turresque
1911 3373 2068 3430 urbis
2100 3372 2285 3430 firma-

358 3471 501 3533 rent,
526 3473 584 3522 et
616 3469 884 3542 praesidia
916 3469 1288 3546 disponerent
1321 3467 1528 3546 quibus
1559 3467 1700 3525 locis
1729 3468 2031 3540 videretur,
2056 3477 2283 3547 pontes-
2421 3437 2423 3540 i

361 3574 470 3630 que
490 3560 877 3620 rescinderent
902 3563 1206 3622 fluminum
1232 3583 1245 3622 :
1288 3582 1394 3641 pro
1422 3562 1563 3621 urbe
1591 3583 1656 3620 ac
1677 3564 1983 3641 penatibus
2004 3564 2280 3624 dimican-
2299 3569 2370 3620 25

360 3648 500 3704 dum
528 3668 663 3722 esse,
688 3656 916 3728 quando
945 3658 1170 3716 Italiam
1196 3660 1347 3718 tueri
1373 3660 1717 3738 nequissent.
