2459 3967
278 210 423 269 CAP.
446 205 675 288 XXII]
892 225 971 265 AB
1014 224 1171 265 URBE
1216 224 1479 264 ocimu-A
1523 225 1696 265 unm.
2086 205 2209 268 251

279 390 410 429 vam
452 369 709 428 Classem
750 374 929 440 erant,
953 387 1089 426 cum
1128 367 1288 426 fama
1327 385 1532 445 repens
1573 365 1687 425 alio
1728 367 1936 426 avertit
1977 365 2208 424 bellum.

280 466 573 538 Celtiberi,
605 466 705 544 qui
741 464 1031 543 principes
1063 463 1316 540 regionis
1351 483 1468 520 suae
1503 463 1724 540 legatos
1757 463 2032 520 miserant
2065 461 2214 520 obsi-

278 563 496 642 desque
534 562 810 620 dederant
842 561 1136 633 Romame,
1168 560 1374 617 nuntio
1417 560 1592 616 misso
1633 579 1670 618 a
1709 559 1980 637 Scipione
2021 560 2209 631 exciti,

279 681 440 720 arma
471 660 711 738 capiunt
738 657 1214 736 provinciamque
1249 656 1808 734 Carthaginiensium
1839 657 2026 715 valido
2060 678 2212 718 exer·
2231 665 2300 717 20

280 760 400 817 citu
434 757 754 828 invadunt3
797 755 909 815 tria
948 755 1165 833 oppida
1196 754 1258 812 vi
1296 760 1642 832 expugnant.
1729 753 1888 826 Inde,
1919 773 2050 813 cum
2083 757 2213 834 ipso

279 853 645 914 Hasdrubale
688 851 913 910 duobus
945 851 1165 930 proeliis
1204 851 1433 928 egregie
1465 856 1744 929 pugnant,
1775 869 1841 908 ac
1882 851 2212 928 quindecim

278 952 444 1010 milia
475 950 731 1008 hostium
773 949 1122 1022 occiderunt,
1154 955 1426 1026 quattuor
1464 946 1626 1006 milia
1666 966 1798 1006 eum
1838 947 2036 1006 multis
2067 951 2209 1010 mili-

279 1048 501 1108 taribus
542 1047 722 1126 signis
761 1045 1012 1126 capiunt.

1150 1227 1350 1286 XXII.

306 1387 359 1430 P.
370 1386 523 1440 scipio
532 1396 685 1429 comen
805 1342 939 1400 Hoc
976 1348 1131 1402 statu
1162 1363 1352 1402 rerum
1395 1343 1456 1400 in
1493 1342 1794 1421 Hispania,
1823 1343 1890 1404 P.
1915 1342 2111 1422 Scipio
2149 1343 2210 1403 in

278 1455 383 1496 into
410 1453 549 1506 Spain
571 1454 685 1496 with
724 1439 1080 1517 provinciam
1120 1441 1296 1512 venit,
1325 1448 1636 1517 prorogato
1676 1448 1812 1518 post
1851 1441 2210 1498 consulatum

280 1520 443 1630 ξῗῖιη
453 1519 685 1630 ’ἓῃὲτιὲῃὲ
724 1536 968 1614 imperio
994 1535 1069 1594 ab
1102 1543 1320 1608 senatu,
1356 1537 1563 1594 missus
1595 1556 1726 1594 cum
1755 1537 1993 1614 triginta
2023 1538 2212 1616 longis

280 1659 449 1696 ments.
475 1677 527 1688 -
548 1654 687 1696 June-
726 1631 967 1692 navibus
1014 1639 1074 1692 et
1115 1639 1250 1692 octo
1297 1632 1530 1690 milibus
1577 1633 1845 1705 militum,
1887 1653 2210 1712 magnoque

281 1721 463 1840 3323:
486 1721 685 1828 {2332
726 1736 1051 1788 commeatu
1079 1730 1336 1790 advecto,
1420 1729 1506 1788 Ea
1531 1729 1724 1788 classis
1751 1729 1954 1806 ingens
1981 1732 2210 1808 agmine
2270 1741 2303 1792 5

281 1855 362 1896 the
396 1817 573 1903 Iberus,
594 1853 686 1895 and
728 1827 1111 1887 onerariarum
1151 1827 1352 1904 procul
1393 1827 1530 1898 visa,
1571 1845 1704 1884 cum
1751 1844 1962 1903 magna
2008 1827 2213 1884 laetitia

280 1919 477 1972 proceed
515 1922 565 1961 ¹⁵⁰
608 1920 686 1961 sa·
728 1923 937 1981 civium
966 1924 1366 2002 sociorumque
1392 1929 1624 2000 portum
1647 1921 1982 1980 Tarraconis
2003 1941 2072 1980 ex
2095 1922 2211 1981 alto

280 1987 686 2107 ἔξῖθᾞῖζ-ιῖὴὲἐῖ
727 2021 929 2079 tenuit.
1028 2021 1119 2080 Ibi
1160 2020 1344 2080 milite
1378 2020 1657 2098 exposito,
1687 2019 1981 2097 profectus
2014 2019 2210 2096 Scipio

280 2121 549 2234 ἕκῗδίοὲι
601 2132 631 2162 0
648 2121 671 2162 1’
726 2118 890 2175 fratri
932 2117 1373 2196 se,conjungit;
1424 2136 1490 2176 ac
1523 2116 1731 2176 deinde
1765 2117 2059 2174 communi
2093 2117 2209 2175 ani-

334 2203 361 2234 e
440 2203 503 2233 os
546 2203 685 2244 ages
754 2199 759 2204 '

281 2260 488 2311 given
522 2262 573 2300 to
606 2260 686 2301 the
727 2232 826 2272 mo
891 2215 1245 2293 consilioque
1309 2214 1586 2292 gerebant
1641 2214 1872 2274 bellum.
1957 2215 2212 2294 Occupa-
2232 2218 2305 2271 10

282 2326 469 2368 carth
486 2337 515 2368 a
531 2326 687 2378 gini-
726 2311 803 2368 tis
842 2311 1021 2388 igitur
1052 2311 1622 2388 Carthaginiensibus
1663 2311 2006 2372 Celtiberico
2039 2313 2209 2385 bello,

280 2402 389 2510 23
414 2393 687 2511 ¹322}ssss
727 2409 883 2467 haud
958 2416 1293 2468 cunctanter
1373 2409 1604 2468 Iberum
1677 2412 2209 2490 transgrediuntur3

282 2525 375 2567 and
396 2525 545 2568 which
566 2536 685 2567 were
726 2525 831 2564 ncc
879 2505 997 2564 ullo
1044 2506 1169 2564 viso
1223 2505 1390 2564 hoste
1445 2505 1764 2584 Saguntum
1814 2516 2063 2586 pergunt
2109 2509 2208 2580 ire,

282 2591 396 2701 ¹¹:1³9ss
425 2592 479 2700 ⁵¹}
498 2592 577 2702 ῑὲθ
603 2592 686 2634 cst·
727 2602 884 2681 quod
920 2601 1001 2660 ibi
1040 2602 1269 2660 obsides
1300 2603 1480 2661 totius
1521 2603 1822 2681 Hispaniae
1855 2583 2098 2664 traditos
2138 2603 2210 2662 ab

282 2670 687 2768 xugxc-o-Thssggss
728 2698 1055 2758 Hannibale
1098 2699 1260 2757 fama
1301 2706 1422 2757 erat
1465 2701 1696 2759 modico
1741 2701 1803 2758 in
1851 2721 1976 2760 arce
2025 2707 2211 2760 custo-
2232 2703 2304 2756 15

286 2795 383 2844 5th
408 2793 597 2836 affected
624 2793 685 2845 ΒΥ
726 2794 837 2854 diri
870 2795 1157 2873 proesidiO.
1243 2795 1315 2853 Id
1341 2815 1521 2854 unum
1557 2797 1766 2873 pignus
1800 2796 2104 2855 inclinatos
2137 2797 2210 2854 ad

281 2862 384 2968 ξιξ,
397 2860 571 2968 {iffi-{²1¹2
584 2860 663 2968 rb:
665 2863 684 2902 t
725 2892 1048 2950 Romanam
1090 2891 1424 2951 societatem
1467 2892 1728 2949 omnium
1768 2892 2068 2968 Hispaniae
2111 2911 2212 2968 po-

281 2993 344 3035 bl
362 3004 389 3036 e
469 3004 685 3046 manage·
724 2988 993 3066 pulcrum
1026 2988 1252 3046 animos
1283 2986 1628 3058 morabatur,
1659 3005 1732 3045 ne
1765 2987 2042 3064 sanguine
2074 2987 2211 3044 libe-

279 3062 411 3102 ment
423 3057 677 3102 ombelux.
721 3085 854 3142 rum
897 3103 1130 3142 suorum
1174 3083 1345 3161 culpa
1386 3082 1728 3141 defectionis
1770 3082 2034 3140 lueretur.
2119 3083 2208 3140 Eo

280 3181 511 3240 vinculo
546 3179 891 3259 Hispaniam
920 3181 1008 3239 vir
1037 3200 1185 3238 unus
1218 3180 1436 3239 sollerti
1467 3179 1652 3257 magis
1685 3198 1858 3257 quam
1891 3177 2047 3236 fideli
2079 3198 2211 3238 con·
2229 3184 2302 3237 20

280 3278 412 3336 silio
445 3278 703 3338 exsolvit.
789 3276 1016 3336 Abelux
1050 3283 1171 3334 erat
1204 3276 1448 3354 Sagunti
1482 3275 1693 3335 nobilis
1727 3275 2037 3353 HispanuS,
2061 3275 2211 3334 fidus

278 3382 413 3433 ante
443 3375 657 3446 Poenis,
674 3381 817 3448 tum,
836 3374 1025 3452 qualia
1044 3374 1379 3452 plerumque
1409 3381 1543 3432 sunt
1563 3373 1933 3433 barbarorum
1961 3375 2208 3452 ingenia,

277 3491 412 3529 cum
455 3472 692 3529 fortuna
731 3477 1052 3528 mutaverat
1092 3470 1284 3528 fidem.
1369 3469 1640 3529 Ceterum
1681 3471 2058 3550 transfugam,
2089 3473 2211 3530 sine

276 3586 507 3644 magnae
536 3567 619 3626 rei
644 3567 974 3645 proditione
1003 3567 1328 3624 venientem
1356 3567 1430 3624 ad
1457 3567 1653 3626 hostes
1679 3567 1825 3626 nihil
1853 3568 2010 3626 aliud
2039 3587 2210 3644 quam

274 3684 459 3722 unum
482 3664 593 3722 vile
614 3670 785 3742 atque
812 3663 1031 3721 infame
1052 3681 1260 3738 corpus
1281 3680 1400 3718 esse
1427 3668 1600 3734 ratus,
1619 3663 1682 3720 id
1708 3663 1931 3740 agebat,
1949 3669 2016 3720 ut
2038 3681 2210 3738 quam
2229 3667 2302 3718 25

274 3759 600 3818 maximum
650 3758 1105 3816 emolumentum
1146 3755 1313 3812 novis
1354 3756 1524 3814 sociis
1572 3764 1735 3815 esset.
1822 3757 2209 3830 Circumspec-
