2459 3967
18 532 39 569 G

256 205 407 264 ΟᾺΡ.
429 202 676 283 LVIII]
818 223 896 263 An
939 221 1095 264 11an
1138 224 1403 266 conum
1445 227 1620 266 unm.
2063 211 2187 273 221

256 383 449 422 manae
496 364 779 442 superbiae
833 365 1055 424 editum
1112 363 1171 424 in
1225 366 1467 460 miseros
1514 368 1840 449 exemplum
1892 376 1992 429 est.
2077 369 2191 427 Hae

255 462 421 519 fuere
455 459 715 518 hibernae
750 462 1143 540 expeditiones
1176 463 1536 524 Hannibalis.

1123 641 1338 702 LVIII.

324 765 407 808 on
440 765 539 871 thhe
574 774 671 870 ap}
784 754 962 814 Haud
981 755 1144 833 longi
1168 757 1306 815 inde
1333 759 1627 836 temporis,
1651 758 1793 817 dum
1813 759 2194 819 intolerabilia

252 841 427 949 {pisia}
448 841 506 938 ΟΠ
516 907 581 938 an
591 841 664 938 gi·
705 851 925 928 frigora
956 859 1134 925 erant,
1161 853 1324 931 quies
1355 854 1528 912 militi
1559 855 1696 913 data
1723 863 1840 929 est3
1885 864 1944 915 et
1976 857 2050 916 ad
2082 857 2194 937 pri-

255 962 335 1004 bal
346 963 665 1006 marchesium
704 966 801 1004 ma
832 967 897 1006 ac
930 948 1109 1006 dubia
1135 950 1302 1027 signa
1332 951 1479 1008 veris
1511 951 1807 1029 profectus
1839 972 1909 1010 ex
1939 953 2194 1012 hibernis

254 1029 667 1138 {ozzssgrisffl-gss:
706 1045 769 1102 in
801 1044 1093 1104 Etruriam
1127 1047 1304 1119 ducit,
1335 1065 1461 1105 eam
1501 1066 1730 1126 quoque
1766 1055 2015 1126 gentem,
2047 1050 2195 1108 sicut

255 1163 357 1204 lent
394 1107 577 1204 staram
614 1163 665 1204 in
704 1140 901 1200 Gallos
923 1142 1290 1221 Liguresque,
1313 1149 1415 1201 aut
1433 1145 1492 1202 vi
1519 1151 1620 1203 aut
1640 1145 1934 1204 voluntate
1963 1146 2194 1223 adjunc-
2253 1155 2286 1206 5

255 1229 669 1338 {roesdxiaijffoglss
706 1245 884 1297 turus.
968 1239 1386 1298 Transeuntem
1427 1239 1802 1319 Apenninum
1845 1243 1988 1301 adeo
2030 1249 2194 1302 atrox

256 1307 459 1415 (312,th
470 1326 669 1415 descrip-
708 1335 910 1394 adorta
934 1341 1248 1413 tempestas
1276 1343 1378 1409 est,
1400 1344 1468 1394 ut
1488 1336 1730 1414 Alpium
1757 1357 1938 1417 prope
1965 1338 2194 1397 foedita·

258 1430 359 1474 tion
370 1431 504 1474 ⁰ffl¹e
513 1441 662 1475 scene.
706 1437 828 1490 tem
874 1433 1240 1510 superaverit.
1322 1433 1520 1492 Vento
1567 1435 1784 1493 mixtus
1830 1434 2016 1493 imber
2061 1455 2193 1493 cum

258 1529 509 1588 ferretur
540 1530 604 1587 in
636 1530 763 1608 ipsa
796 1547 911 1602 ora,
934 1528 1142 1607 prime,
1170 1530 1307 1608 quia
1339 1537 1438 1588 aut
1470 1549 1628 1588 arma
1661 1531 1983 1591 omittenda
2015 1539 2189 1605 erant,

258 1634 361 1687 aut
390 1633 591 1686 contra
618 1625 902 1684 enitentes
928 1626 1140 1684 vertice
1168 1626 1376 1684 intorti
1403 1625 1836 1705 adfligebantur,
1861 1629 2190 1702 constitere3
2215 1637 2288 1692 10

260 1724 414 1797 dein,
446 1743 578 1782 cum
610 1723 731 1801 jam
766 1722 1033 1801 spiritum
1070 1722 1390 1782 includeret
1421 1743 1528 1782 nec
1559 1724 1910 1802 reciprocare
1943 1726 2192 1784 animam

262 1820 489 1890 sineret,
520 1819 704 1878 aversi
736 1838 773 1876 a
804 1825 978 1877 vento
1010 1837 1318 1897 parumper
1354 1819 1674 1878 consedere.
1759 1819 1910 1878 Tum
1943 1839 2077 1877 vero
2110 1822 2196 1879 in-

260 1916 423 1994 genti
446 1935 586 1975 sono
610 1914 821 1976 ooelum
844 1921 1107 1998 strepere,
1126 1922 1185 1974 et
1204 1917 1356 1976 inter
1371 1915 1688 1974 horrendos
1707 1916 1964 1993 fragores
1983 1916 2194 1976 micare

260 2013 454 2091 ignes:
486 2013 669 2090 captis
691 2012 921 2072 auribus
944 2020 1002 2071 et
1024 2013 1203 2072 oculis
1225 2020 1387 2072 metu
1407 2031 1607 2072 omnes
1627 2020 1868 2091 torpere.
1934 2013 2190 2072 Tandem

260 2111 447 2170 effuso
473 2110 674 2182 imbre,
698 2129 831 2168 cum
859 2129 929 2168 eo
954 2110 1141 2188 magis
1168 2129 1405 2170 accensa
1430 2109 1517 2168 vis
1543 2111 1700 2168 venti
1729 2117 1890 2182 esset,
1915 2110 2043 2189 ipso
2069 2111 2187 2184 illc,
2215 2115 2289 2169 15

263 2227 379 2286 quo
420 2207 686 2286 deprensi
728 2214 907 2280 erant,
936 2207 1065 2266 loco
1108 2215 1294 2267 castra
1332 2228 1546 2287 ponere
1585 2209 1964 2268 necessarium
2005 2209 2192 2267 visum

260 2312 365 2363 est.
438 2303 509 2362 Id
536 2323 669 2363 vero
696 2303 910 2363 laboris
936 2305 1093 2364 velut
1120 2305 1193 2364 de
1219 2305 1448 2384 integro
1476 2307 1706 2365 initium
1733 2306 1881 2364 fuit:
1925 2325 2058 2364 nam
2089 2327 2192 2366 nec

260 2401 543 2480 explicare
578 2401 895 2480 quidquam
935 2421 1041 2460 nec
1084 2409 1332 2462 statuere
1365 2411 1648 2482 poterant,
1679 2423 1784 2463 nec
1826 2404 1985 2482 quod
2019 2411 2191 2463 statu‘

260 2505 389 2558 tum
426 2505 575 2557 esset
610 2498 896 2572 manebat,
928 2500 1123 2558 omnia
1162 2500 1563 2578 perscindente
1603 2508 1775 2560 vento
1817 2508 1876 2560 et
1915 2502 2188 2579 rapiente.

262 2595 341 2653 Et
370 2614 508 2653 mox
536 2615 685 2674 aqua
715 2595 902 2654 levata
934 2604 1123 2670 vente,
1148 2617 1281 2656 cum
1315 2607 1486 2677 super
1515 2597 1707 2677 gelida
1736 2599 2025 2658 montium
2053 2599 2193 2676 juga
2214 2605 2290 2658 20

263 2698 529 2750 concreta
556 2699 719 2766 esset,
744 2699 973 2752 tantum
1000 2694 1217 2752 nivosae
1245 2696 1542 2772 grandinis
1569 2695 1796 2774 dejecit,
1821 2703 1903 2769 ut,
1925 2696 2192 2754 omnibus

264 2789 507 2860 omissis,
537 2789 981 2867 procumberent
1016 2788 1298 2863 homineS,
1327 2792 1679 2868 tegminibus
1717 2793 1836 2850 suis
1871 2793 2058 2870 magis
2096 2793 2194 2850 ob-

262 2885 378 2942 ruti
407 2904 579 2962 quam
607 2886 777 2944 tecti:
810 2892 1086 2965 tantaque
1113 2887 1199 2944 vis
1225 2888 1460 2964 frigoris
1487 2887 1744 2946 insecuta
1777 2895 1879 2960 est,
1904 2897 1971 2946 ut
1999 2909 2068 2947 ex
2095 2889 2194 2946 illa

261 2981 571 3039 miserabili
598 2980 901 3040 hominum
928 2981 1435 3060 jumentorumque
1469 2989 1656 3060 strage
1690 3001 1823 3041 cum
1857 3003 1918 3041 se
1952 2985 2192 3061 quisque

262 3075 533 3136 extollere
566 3096 631 3136 ac
663 3077 849 3136 levare
880 3078 1066 3152 vellet,
1098 3079 1199 3138 diu
1240 3079 1518 3158 nequiret,
1543 3078 1678 3156 quia
1716 3078 2082 3156 torpentibus
2122 3080 2192 3136 ri-
2213 3086 2290 3138 25

261 3192 399 3250 gore
433 3173 621 3231 nervis
652 3175 749 3231 vix
782 3173 1008 3234 flectere
1040 3182 1197 3234 artus
1228 3181 1512 3252 poterant.
1595 3173 1838 3248 Deinde,
1862 3182 1929 3233 ut
1957 3174 2192 3233 tandem

262 3255 536 3347 agitando
566 3289 687 3328 sese
715 3289 943 3329 movere
972 3290 1035 3328 ac
1062 3271 1314 3349 recipere
1347 3272 1586 3344 animos,
1612 3277 1671 3330 et
1697 3271 1840 3330 raris
1867 3270 2009 3329 locis
2040 3272 2192 3349 ignis

262 3365 383 3424 fieri
428 3371 517 3425 est
562 3372 802 3444 coeptuS,
833 3367 907 3424 ad
948 3367 1191 3429 alienam
1235 3386 1405 3444 opem
1448 3369 1689 3446 quisque
1729 3369 1900 3448 inops
1938 3369 2188 3428 tendere.

260 3461 519 3522 Biduum
538 3479 609 3522 eo
630 3461 759 3521 loco
780 3463 937 3522 velut
958 3462 1173 3522 obsessi
1199 3481 1489 3523 mansere:
1519 3465 1690 3523 multi
1709 3465 1989 3539 homines,
2009 3465 2192 3524 multa

260 3558 535 3634 jumenta,
568 3558 859 3637 elephanti
906 3578 1132 3636 quoque
1177 3577 1248 3616 ex
1292 3558 1379 3630 iis,
1413 3561 1513 3636 qui
1555 3562 1762 3638 proelio
1807 3563 1883 3620 ad
1921 3561 2189 3620 Trebiam
2212 3562 2286 3615 30

237 3655 416 3714 *facto
449 3655 869 3734 superfuerant,
900 3661 1122 3732 septem
1160 3652 1468 3731 absumpti.
