2459 3967
229 184 377 240 CAP.
407 179 662 260 XXIV]
810 201 886 238 AB
931 201 1086 240 URBE
1125 198 1389 239 conrA
1431 199 1605 237 unm.
2084 177 2164 241 51

225 349 458 420 pretor:
492 342 670 399 fuerit
698 342 810 401 ista
837 342 960 419 ejus
989 341 1343 414 deliberatio,
1366 342 1468 418 qui
1487 339 1703 399 bellum
1732 339 1997 416 suscepit.
2074 336 2168 395 Me
2190 342 2263 394 35

226 439 449 499 Albani
482 440 735 517 gerendo
769 438 920 497 bello
955 440 1159 497 ducem
1196 458 1468 496 creavere.
1554 436 1706 495 Illud
1738 444 1813 509 te,
1838 435 2019 508 Tulle,
2050 455 2171 495 mo·

227 538 422 594 nitum
457 536 646 594 velim.
732 537 970 595 Etrusca
1004 555 1108 607 τρε,
1143 542 1358 613 quanta
1393 536 1543 593 circa
1574 554 1681 591 nos
1712 540 1885 612 teque
1918 534 2169 591 maxime

229 634 323 705 sit,
363 653 478 711 quo
528 634 765 711 propior
811 653 872 691 es
919 632 1137 703 TusciS‚
1174 632 1285 689 hoc
1334 632 1519 709 magis
1575 631 1699 689 scis.
1784 629 2035 688 Multum
2085 630 2169 689 illi

228 738 399 802 terra,
431 730 742 807 plurimum
786 730 937 803 mari⁴
964 728 1198 807 pollent.
1287 728 1509 787 Memor
1550 738 1691 799 estc,
1721 727 1841 804 jam
1884 747 2017 787 cum
2060 728 2171 804 sig-

229 846 374 884 num
405 845 618 903 pugnae
653 826 832 897 dabis,
866 826 967 883 has
1001 826 1158 905 duas⁴
1176 825 1324 883 acies
1359 824 1682 900 spectaculo
1715 823 1859 895 fore,
1888 831 1955 881 ut
1986 824 2169 881 fessos
2189 830 2264 882 40

229 924 658 1003 confectosque,
689 923 859 981 simul
889 923 1165 981 victorem
1194 941 1259 979 ac
1289 921 1521 992 victum,
1553 920 1973 998 adgrediantur.
2060 920 2172 978 Ita-

230 1041 344 1099 que
378 1022 428 1079 si
469 1040 575 1078 nos
609 1020 670 1078 di
702 1028 915 1093 amant,
948 1020 1221 1098 quoniam
1258 1039 1376 1077 non
1410 1019 1668 1077 contenti
1700 1018 1965 1076 libertate
1998 1025 2167 1089 certa,

228 1119 292 1175 in
322 1118 557 1175 dubiam
591 1117 818 1195 imperii
853 1117 1183 1195 servitiique
1217 1116 1395 1175 aleam
1430 1117 1599 1187 imus,
1630 1116 1887 1173 ineamus
1919 1116 2169 1193 aliquam

229 1215 401 1286 viam,
435 1234 562 1293 qua,
593 1214 708 1273 utri
736 1215 878 1273 utris
906 1215 1208 1291 imperent,
1242 1214 1363 1272 sine
1391 1232 1602 1291 magna
1634 1212 1793 1271 clade
1828 1212 1949 1270 sine
1982 1211 2168 1269 multo

229 1313 509 1389 sanguine
547 1306 842 1391 utriusque
875 1311 1079 1391 populi
1113 1311 1341 1370 decerni
1374 1311 1525 1390 poss'
1558 1310 1610 1369 .'’
1694 1308 1871 1369 Haud
1904 1309 2169 1387 displicet
2187 1312 2263 1366 45

229 1429 320 1467 res
353 1408 540 1480 Tullo,
572 1428 919 1486 quamquam
961 1428 1092 1466 cum
1137 1408 1331 1467 indole
1364 1408 1557 1479 animi,
1588 1415 1715 1465 tum
1758 1427 1857 1485 spe
1891 1407 2165 1477 victoriae,

229 1503 480 1563 ferocior
523 1511 658 1563 erat.
744 1504 1148 1574 Quaerentibus
1196 1504 1486 1584 utrimque
1533 1506 1680 1563 ratio
1729 1504 1923 1577 initur,
1968 1502 2061 1562 cui
2108 1508 2169 1561 et

227 1605 470 1663 fortuna
494 1604 621 1683 ipsa
646 1603 898 1682 praebuit
925 1606 1242 1664 materiam.
1306 1654 1316 1667 ,

2142 1738 2312 1753 *a*

1084 1782 1313 1843 XXIV.

279 1951 469 2005 Lagona
490 1950 542 1993 or
554 1951 633 1993 the
756 1897 928 1957 Forte
960 1898 1022 1956 in
1057 1897 1285 1958 duobus
1316 1904 1449 1955 tum
1490 1895 1836 1957 exercitibus
1877 1903 2039 1956 erant
2070 1897 2169 1956 tri-

227 2018 411 2061 Horatii
435 2018 527 2059 and
549 2020 634 2059 on-
671 1995 890 2073 gemini
918 1995 1140 2066 fratres,
1172 2013 1279 2051 nec
1312 2000 1483 2052 aetate
1516 2012 1621 2051 nec
1651 1992 1867 2052 viribus
1894 1992 2163 2071 dispares.

227 2082 635 2193 Ξὲῗᾝῗζίθῗξῖ
675 2092 954 2150 Horatios
982 2089 1383 2168 Curiatiosque
1411 2089 1592 2162 fuisse
1621 2091 1757 2149 satis
1786 2096 2028 2163 constat,
2060 2109 2165 2149 nec

225 2220 355 2260 cient
400 2218 534 2259 mode
577 2219 630 2260 ot
675 2189 858 2247 ferme
886 2206 976 2245 res
1009 2188 1248 2265 antiqua
1280 2186 1391 2243 alia
1424 2193 1511 2243 est
1544 2186 1822 2251 nobilior:
1866 2194 2061 2245 tamen
2102 2187 2163 2244 in

226 2284 540 2337 concludinga
552 2285 642 2327 801·-
681 2304 740 2342 re
769 2291 890 2342 tam
919 2283 1069 2341 clara
1093 2283 1399 2342 nominum
1427 2257 1582 2341 error
1606 2289 1819 2355 manet,
1855 2284 2037 2341 utrius
2065 2302 2165 2361 po·
2225 2290 2259 2341 5

225 2362 337 2393 ⁸¹⁰⁰
357 2356 577 2431 eqmpact
659 2364 802 2457 ⁴,puli
845 2380 1094 2451 Horatii,
1129 2378 1316 2437 utrius
1357 2378 1600 2437 Curiatii
1634 2379 1864 2437 fuerint.
1949 2379 2165 2437 Aucto-

225 2486 322 2534 res
369 2463 612 2555 uti-oque
653 2476 929 2535 trahunt:
973 2475 1164 2554 plures
1214 2482 1407 2533 tamen
1449 2476 1699 2547 inveni0‚
1732 2477 1831 2553 qui
1872 2475 2165 2533 Romanos

227 2574 508 2632 Horatios
535 2580 776 2649 vocent3
818 2572 926 2632 hos
955 2580 1022 2631 ut
1051 2592 1269 2652 sequar,
1300 2573 1539 2631 inclinat
1566 2574 1803 2630 animus.
1888 2573 2037 2629 Cum
2067 2573 2164 2629 tri-

226 2672 476 2748 geminis
516 2678 697 2749 agunt
737 2690 915 2749 reges,
947 2677 1013 2729 ut
1061 2690 1167 2748 pro
1217 2690 1319 2728 sua
1366 2671 1606 2748 quisque
1654 2670 1841 2747 patria
1888 2670 2163 2727 dimicent

225 2769 414 2826 ferro:
458 2768 540 2827 ibi
573 2769 880 2845 imperium
908 2767 1052 2839 fore,
1083 2767 1237 2825 unde
1264 2767 1504 2824 victoria
1537 2767 1729 2823 fuerit.
1815 2765 1975 2822 Nihil
2008 2784 2163 2823 recu·
2183 2768 2258 2823 10

226 2872 401 2923 satur.
439 2936 444 2941 ⁸
485 2864 739 2942 Tempus
771 2871 831 2923 et
849 2864 1022 2938 ‚locus
1055 2862 1339 2922 convenit.
1425 2861 1768 2940 Priusquam
1804 2862 2157 2935 dimicarent,

223 2961 422 3021 foedus
454 2962 634 3020 ictum
667 2962 819 3019 inter
847 2960 1142 3019 Romanos
1183 2966 1242 3017 et
1275 2958 1533 3017 Albanos
1566 2965 1652 3016 est
1685 2958 1775 3015 his
1808 2958 2045 3035 legibus,
2075 2965 2157 3030 ut,

224 3058 506 3137 cujusque
531 3058 734 3136 populi
761 3058 912 3117 cives
939 3077 1008 3116 eo
1037 3056 1347 3115 certamine
1368 3056 1652 3125 vicissent,
1676 3055 1725 3111 is
1754 3054 1915 3113 alteri
1943 3054 2159 3130 populo

223 3176 360 3215 cum
387 3156 543 3214 bona
567 3174 708 3233 pace
735 3154 1091 3233 imperitaret
1239 3152 1431 3211 <edera
1458 3150 1569 3209 alia
1596 3148 1721 3207 aliis
1748 3149 1985 3227 legibus
2016 3156 2161 3209 ceter-

223 3273 354 3311 rum
383 3253 587 3311 eodem
615 3251 794 3310 modo
823 3251 1018 3309 omnia
1077 3256 1197 3308 unt.
1283 3248 1434 3307 'him
1461 3248 1543 3309 ita
1560 3246 1789 3305 ‚factum
1819 3238 2156 3325 accepimus
2180 3252 2286 3330 15,

219 3368 332 3408 nec
379 3348 550 3407 ullius
592 3348 873 3407 vetustior
911 3347 1148 3405 foederis
1187 3346 1467 3403 memoria
1506 3350 1609 3403 est.
1694 3342 1925 3403 Fetialis
1966 3364 2158 3423 regem
2282 3358 2284 3361 ⁴
2340 3414 2363 3428 n

223 3446 459 3504 Tullum
500 3445 586 3520 ita
625 3444 882 3521 rogavit:
929 3443 964 3471 ‘⁴
981 3443 1020 3502 J
1021 3442 1235 3501 ubesne
1274 3462 1385 3514 me,
1415 3460 1529 3513 rex,
1561 3460 1692 3500 cnm
1732 3448 1893 3517 patre
1933 3447 2158 3516 patrato
2368 3438 2379 3450 '
2415 3436 2438 3519 1

221 3542 428 3621 populi
461 3541 679 3599 Albani
719 3541 914 3601 foedus
953 3540 1123 3599 ferire
1140 3538 1195 3597 P'
1245 3539 1482 3614 jubente
1525 3557 1657 3613 rege
1692 3536 2041 3611 “sagmina’'
2078 3536 2160 3589 in·
2436 3534 2438 3557 ²

225 3641 354 3719 quit
388 3639 518 3711 “te,
554 3657 672 3710 rex,
708 3636 940 3716 posco.”
1023 3636 1150 3693 Rex
1192 3634 1307 3691 ait:
1353 3633 1609 3709 “puram
1652 3630 1896 3689 tollito.''
1980 3628 2159 3683 Fetia2

224 3737 293 3795 lis
327 3756 398 3795 ex
433 3755 560 3797 aree
597 3734 874 3813 graminis
905 3731 1379 3807 herbam0puram
1422 3727 1629 3785 attulit.
1714 3724 1927 3781 Postea
1967 3736 2156 3795 regem
2178 3715 2254 3767 20

2292 3832 2439 3923 Δ
