2459 3967
252 215 283 234 Ρ

349 187 475 250 268
1173 202 1292 240 ‘rm
1333 201 1458 240 mvl
1904 177 2056 256 [Lm.
2083 180 2290 240 XXII.

347 351 449 394 into
494 351 663 394 Amea.
700 375 753 384 -
796 343 1068 416 abnuant,
1106 363 1321 421 magno
1371 361 1540 420 opere
1589 361 1649 400 se
1697 347 1888 419 patres
1927 341 2291 418 conscriptos

346 418 454 527 ἓξὲξ
480 417 750 526 ἳζὲἓΐειῗ
793 460 967 499 orare.
1052 440 1091 500 J
1093 459 1186 498 am
1237 440 1498 498 omnium
1546 439 1802 516 primum
1858 439 2072 496 ominis
2119 458 2294 496 causa
2423 451 2425 514 4

347 551 447 592 'rho
492 553 645 592 statue
690 551 743 592 or
789 537 1112 596 Victoriam
1146 556 1376 594 auream
1403 535 1600 614 pondo
1635 535 1954 593 ducentum
1983 554 2049 592 ac
2078 534 2291 612 viginti
2424 561 2425 598 4

348 618 559 736 3ῗὲἓῖιί
590 621 640 725 {3
672 617 750 725 gg
792 633 1014 692 adferre
1057 652 1215 692 sese:
1267 633 1591 710 acciperent
1629 651 1775 702 eam,
1810 637 2189 708 tenerentque
2232 637 2292 688 et
2311 633 2378 684 15
2423 635 2425 696 4

350 751 547 803 capitol.
574 775 625 784 -
650 752 751 793 The
792 730 1069 790 haberent
1101 730 1394 808 propriam
1435 735 1494 788 et
1525 735 1880 806 perpetuam.
1966 727 2292 786 Advexisse

349 818 558 872 elingere,
620 820 748 862 arch·
792 828 965 886 etiam
1007 833 1264 886 trecenta
1302 825 1464 882 milia
1502 824 1768 882 modium
1811 824 2007 895 tritici,
2037 823 2296 880 ducenta
2423 865 2425 886 4

350 885 752 996 εἶ’ῃᾘὲθὲἶῖθῗ
793 925 1013 996 hordei,
1044 943 1117 982 ne
1158 929 1516 982 commeatus
1557 921 1859 994 deessent3
1903 926 1961 978 et
2004 926 2292 997 quantum
2423 893 2425 958 l

352 1023 402 1063 to
430 1023 510 1064 the
538 1022 746 1065 001181118-
791 1030 1070 1101 praeterea
1110 1039 1260 1098 opus
1299 1026 1463 1092 esset,
1497 1039 1612 1097 quo
1649 1017 1952 1095 jussissent
1989 1017 2294 1076 subvectu-

350 1089 751 1206 ssgss-Zpfftbrclss
790 1138 901 1177 ros,
986 1117 1171 1176 Milite
1220 1123 1394 1195 atque
1435 1116 1628 1194 equite
1677 1115 1819 1175 scire
1867 1114 1975 1172 nisi
2019 1113 2292 1172 Romano
2311 1119 2380 1171 20

351 1222 750 1273 augmented,and
792 1215 1097 1292 Latinique
1146 1214 1400 1272 nominis
1446 1233 1566 1271 non
1613 1212 1702 1272 uti
1749 1212 2032 1290 populum
2077 1211 2296 1270 Rom&

350 1300 499 1406 ἓξὲξ
508 1288 750 1405 2333?ss
793 1330 973 1383 num3
1015 1312 1227 1370 levium
1268 1331 1557 1370 armorum
1596 1309 1808 1369 auxilia
1840 1310 2012 1368 etiam
2053 1316 2297 1368 externa

351 1421 510 1463 thinks
520 1424 751 1474 propa-,to
792 1408 1003 1466 vidisse
1065 1409 1125 1466 in
1189 1409 1390 1467 castris
1443 1407 1757 1466 Romanis:
1813 1407 2010 1485 itaque
2063 1406 2296 1466 misisse

350 1498 459 1596 {ff
500 1499 607 1530 over
650 1489 751 1546 ¹⁰²⁰-
791 1505 951 1562 mille
984 1505 1411 1582 sagittariorum
1440 1524 1506 1562 ac
1538 1504 1921 1576 funditorum,
1943 1509 2143 1580 aptam
2173 1523 2294 1560 ma-

414 1566 518 1597 zoa.
793 1621 935 1658 num
977 1601 1248 1661 adversus
1287 1601 1554 1660 Baleares
1594 1621 1660 1660 ac
1700 1601 1934 1658 Mauros
1972 1619 2293 1678 pugnaces·
2311 1601 2375 1655 25
2424 1619 2425 1622 ¹

352 1715 463 1774 que
504 1697 642 1756 alias
680 1699 883 1757 missili
919 1699 1037 1758 telo
1074 1708 1290 1778 gentes.
1375 1700 1476 1758 Ad
1511 1719 1580 1758 ea
1614 1699 1769 1758 dona
1807 1697 2116 1756 consilium
2150 1718 2294 1777 quo-

352 1814 461 1873 que
510 1795 814 1868 addebant,
855 1805 923 1856 ut
970 1805 1203 1875 praetor,
1248 1799 1342 1855 cui
1396 1798 1690 1874 provincia
1739 1796 1934 1876 Sicilia
1983 1796 2289 1870 evenisset,

350 1892 586 1950 classem
621 1893 683 1949 in
716 1894 980 1952 Africam
1014 1893 1318 1970 trajiceret,
1353 1901 1416 1950 ut
1449 1901 1508 1952 et
1541 1893 1736 1950 hostes
1767 1877 1828 1971 i‘p
1857 1898 2008 1952 terra
2034 1911 2140 1950 sua
2173 1892 2291 1950 bel—

348 1989 469 2046 lum
514 1989 808 2062 haberent,
843 1993 1148 2068 minusque
1194 1990 1506 2048 laxamenti
1549 1991 1781 2048 daretur
1808 1980 1915 2066 (his
1959 1989 2032 2048 ad
2072 1991 2291 2048 auxilia

348 2085 664 2144 Hannibali
695 2087 1103 2146 submittenda.
1186 2087 1286 2145 Ab
1313 2094 1512 2145 senatu
1540 2087 1622 2144 ita
1653 2087 1988 2164 responsum
2018 2087 2144 2164 regi
2179 2093 2283 2159 est,
2307 2092 2374 2142 30

348 2182 534 2238 virum
579 2183 799 2242 bonum
844 2185 1256 2264 egregiumque
1299 2185 1520 2242 socium
1569 2185 1884 2242 Hieronem
1929 2203 2070 2255 esse,
2109 2190 2288 2262 atque

348 2297 466 2334 uno
507 2285 723 2352 tenore,
758 2301 827 2338 ex
873 2301 986 2358 quo
1028 2283 1089 2340 in
1140 2282 1452 2340 amicitiam
1503 2281 1705 2358 populi
1751 2281 2002 2340 Romani
2043 2282 2284 2352 venerit,

348 2373 522 2432 fidem
552 2376 811 2448 coluisse,
830 2397 893 2434 ac
913 2398 1032 2435 rem
1056 2379 1375 2438 Romanam
1401 2379 1840 2456 omnitempore
1861 2398 1926 2436 ac
1946 2378 2077 2438 loco
2099 2378 2287 2436 muni-

348 2470 453 2528 fice
480 2471 781 2547 adjuvisse.
850 2473 921 2530 Id
948 2475 1187 2551 perinde
1214 2496 1280 2534 ac
1309 2475 1542 2534 deberet
1569 2482 1797 2550 gratum
1825 2475 2043 2552 populo
2072 2474 2284 2533 Roma·

347 2586 428 2626 no
455 2587 592 2625 esse.
664 2569 890 2626 Aurum
921 2578 979 2628 et
1006 2591 1041 2628 a
1073 2573 1402 2630 civitatibus
1433 2571 1774 2650 quibusdam
1803 2572 2078 2643 adlatum,
2097 2574 2284 2650 gratia
2301 2578 2369 2630 35

347 2665 430 2724 rei
468 2671 714 2742 accepta,
746 2684 864 2723 non
902 2669 1185 2746 accepisse
1222 2669 1503 2747 populum
1540 2669 1906 2726 Romanum:
1957 2669 2282 2728 Victoriam

347 2780 632 2838 omenque
665 2763 935 2840 accipere,
960 2766 1268 2843 sedemque
1303 2766 1355 2823 ei
1389 2785 1448 2823 se
1483 2766 1631 2824 divae
1665 2766 1801 2824 dare
1831 2766 2019 2824 dicare
2048 2765 2285 2844 Capito-

347 2859 507 2932 lium,
530 2860 811 2938 templum
840 2861 878 2920 J
880 2863 1003 2920 ovis
1032 2863 1258 2940 Optimi
1287 2862 1541 2921 Maximi.
1625 2862 1696 2920 In
1725 2883 1792 2922 ea
1823 2883 1950 2922 arce
1981 2864 2142 2922 urbis
2170 2865 2285 2923 Ro-

346 2977 533 3018 manae
563 2965 857 3031 sacratam,
881 2960 1169 3020 volentem
1199 2960 1644 3039 propitiamque,
1665 2960 1890 3018 firmam
1923 2980 1988 3018 ac
2017 2962 2281 3020 stabilem

346 3058 473 3117 fore
510 3057 729 3136 populo
762 3056 1043 3118 Romano,
1128 3059 1474 3117 Funditores
1513 3060 1906 3138 sagittariique
1939 3067 1997 3118 et
2028 3061 2367 3125 frumen-40

346 3161 475 3214 tum
501 3156 780 3214 traditum
810 3155 1152 3214 consulibus.
1211 3154 1663 3233 Quinqueremes
1691 3156 1765 3215 ad
1787 3155 1864 3192 ³³*
1883 3158 2118 3215 navium
2148 3158 2284 3216 clas-

348 3270 488 3322 sem,
512 3270 641 3328 quae
670 3271 801 3310 cum
830 3252 894 3310 Τ.
920 3251 1170 3311 Otacilio
1204 3260 1559 3330 propraetore
1591 3253 1654 3311 in
1689 3253 1886 3313 Sicilia
1917 3261 2094 3327 erant,
2121 3255 2283 3333 quin-

352 3361 462 3417 que
494 3351 554 3401 et
584 3349 794 3423 viginti
826 3349 1058 3421 additae,
1082 3350 1539 3428 permissumque
1571 3358 1674 3424 est,
1698 3358 1782 3426 ut,
1807 3351 1856 3410 si
1887 3370 1920 3410 e
1955 3370 2017 3410 re
2049 3352 2286 3430 publiea

352 3444 607 3495 censeret
636 3459 775 3514 esse,
798 3443 859 3499 in
888 3443 1150 3503 Africam
1182 3445 1528 3524 trajicerent.
