2459 3967
85 2568 87 2570 ’
183 2564 426 2607 centurien-
437 2562 592 2605 -The

188 204 331 263 cip.
357 202 608 282 XLIII]
763 222 840 263 An
884 223 1038 263 unna
1083 222 1348 263 ocimu-A
1390 223 1567 264 unm.
1976 186 1981 191 ’
2030 202 2114 272 73

184 360 494 409 and-Arruns,
513 360 596 435 Ψ·
637 364 779 423 duas
818 363 961 423 filias
1008 363 1313 441 juvenibus
1360 362 1534 443 regiis
1574 364 1753 425 Lucio
1798 372 1969 444 atque
2008 364 2116 425 ΑΥ·
2175 371 2209 423 5

129 470 134 473 ’
181 426 595 534 ῗὲἓῗξῑῖἓῖἓῗζζ
635 461 792 518 runti
845 460 1171 537 Tarquiniis
1229 461 1442 538 jungit.
1525 461 1584 519 Ν
1585 481 1648 519 ec
1705 462 1862 539 rupit
1920 468 2115 520 tamen

181 560 468 601 veientes
502 558 594 600 and
617 556 744 613 'fati
792 557 1188 627 necessitatem
1227 556 1495 615 humanis
1544 558 1814 629 consiliis,
1852 558 1992 635 quin
2032 554 2131 615 in-'

181 624 595 733 &2222ssssssss
637 652 789 711 vidia
819 653 982 730 regni
1015 652 1190 710 etiam
1223 653 1375 712 inter
1406 654 1754 713 domesticos
1786 653 1966 713 infida
1998 674 2117 715 om-

181 760 598 815 num-Divina
639 749 737 807 nia
776 755 947 826 atque
987 748 1200 807 infesta
1238 748 1467 807 faceret.
1553 749 1991 826 Peropportune
2042 752 2117 811 ad

181 827 469 934 3¹23?ss
490 827 594 935 ἓξὲξ)
635 846 936 921 praesentis
969 846 1222 923 quietem
1264 851 1448 903 status
1486 844 1702 921 bellum
1744 864 1877 905 cum
1910 847 2117 906 Veien·
2137 853 2212 905 10

181 960 345 1001 turies.
636 942 792 999 tibus
841 937 987 1017 (jam
1047 941 1200 998 enim
1254 941 1497 999 indutiae
1548 939 1826 1017 exierant)
1878 942 2116 1020 aliisque

180 1040 444 1097 Etruscis
476 1044 789 1115 sumptum.
875 1036 945 1093 In
975 1055 1042 1095 eo
1071 1036 1223 1094 bello
1254 1043 1313 1095 et
1340 1037 1522 1095 virtus
1550 1043 1609 1094 et
1640 1036 1877 1095 fortuna
1908 1038 2117 1097 enituit

181 1136 395 1208 Tullii3
438 1136 688 1213 fusoque
719 1134 944 1211 ingenti
977 1133 1232 1191 hostium
1268 1134 1537 1204 exercitu,
1568 1132 1725 1191 haud
1758 1133 1965 1192 dubius
1997 1154 2113 1207 rex,

182 1252 286 1291 seu
319 1239 550 1309 patrum
585 1251 686 1289 seu
717 1230 901 1307 plebis
934 1230 1158 1289 animos
1192 1230 1621 1307 periclitaretur,
1644 1230 1892 1289 Romam
1926 1232 2111 1291 rediit.

179 1331 658 1409 Adgrediturque
685 1330 820 1388 inde
847 1330 922 1389 ad
941 1330 1100 1407 pacis
1119 1329 1291 1408 longe
1318 1330 1633 1387 maximum
1658 1350 1819 1407 opus,
1840 1338 1921 1403 ut,
1944 1350 2115 1410 quem
2136 1336 2210 1387 15

181 1430 262 1487 ad
307 1428 548 1497 modum
591 1428 786 1485 Numa
825 1428 1008 1485 divini
1057 1434 1257 1485 auctor
1295 1426 1439 1503 juris
1480 1427 1699 1499 fuisset,
1731 1428 1815 1487 ita
1854 1428 2117 1487 Servium

183 1524 545 1583 conditorem
587 1523 778 1579 omnis
818 1522 880 1579 in
922 1522 1152 1580 civitate
1184 1521 1533 1579 discriminis
1566 1522 1961 1600 ordinumque,
1994 1524 2117 1601 qui·

181 1620 296 1677 bus
341 1619 490 1678 inter
529 1619 744 1696 gradus
785 1618 1086 1696 dignitatis
1127 1618 1494 1696 fortunasque
1534 1618 1755 1697 aliquid
1794 1619 2112 1693 interlucet,

181 1717 402 1793 posteri
433 1716 594 1773 fama
625 1716 854 1773 ferrent.
939 1714 1190 1773 Oeneum
1223 1716 1379 1773 enim
1411 1716 1679 1787 instituit,
1711 1734 1833 1773 rem
1874 1716 2117 1775 saluber-

182 1813 392 1871 rimam
424 1818 590 1871 tanto
623 1812 822 1869 futuro
863 1811 1140 1888 imperi03
1183 1828 1253 1868 ex
1288 1830 1403 1888 quo
1434 1811 1569 1869 belli
1609 1812 1879 1887 pacisque
1918 1812 2117 1869 munia
2135 1817 2211 1869 20

183 1912 306 1967 ‘non
349 1909 582 1980 viritim,
625 1914 694 1967 ut
739 1914 886 1979 ante,
931 1908 1034 1965 sed
1078 1926 1181 1985 pro
1230 1907 1432 1965 habitu
1479 1908 1849 1985 pecuniarum
1897 1907 2112 1967 fierent.

183 2000 338 2062 Tum
365 2002 568 2059 classes
597 2000 990 2077 centuriasque
1019 2006 1077 2058 et
1104 1999 1257 2058 hunc
1286 1999 1547 2057 ordinem
1575 2018 1645 2057 ex
1672 2017 1846 2057 censu
1874 1998 2119 2077 descrip-
2234 2005 2253 2133 ἱ

185 2098 282 2170 sit,
306 2097 395 2155 vel
419 2098 551 2175 paci
577 2096 852 2155 decorum
886 2097 974 2158 vel
1003 2096 1169 2155 bello,

1041 2269 1257 2334 XLIII.

252 2431 594 2483 Arrangement
639 2426 642 2431 -
719 2386 809 2445 Ex
856 2386 1077 2463 iis,*qui
1116 2392 1351 2445 centurn
1399 2385 1625 2446 milium
1674 2388 1803 2445 oeris
1852 2394 1953 2447 aut
1999 2408 2117 2447 ma-

183 2496 595 2542 otolassessand
634 2482 820 2561 jorem
882 2501 1116 2541 censum
1169 2481 1461 2556 haberent,
1514 2484 1811 2563 octoginta
1865 2485 2117 2543 confecit

185 2630 325 2673 four
365 2630 592 2671 Roman
633 2578 931 2651 centuriae,
958 2578 1348 2656 quadragenas
1376 2580 1665 2639 seniorum
1694 2599 1759 2637 ac
1786 2579 2113 2656 juniorum:

183 2696 343 2739 tribes.
361 2720 414 2729 -
431 2696 594 2738 Subse-
633 2674 820 2751 prima
865 2674 1056 2733 classis
1105 2693 1306 2732 omnes
1360 2675 1646 2751 appellati.
1732 2675 1995 2734 Seniores
2042 2676 2117 2733 ad

184 2765 330 2871 Ψῐῑῖζῑ
386 2760 591 2869 Ῑῃῦξὲἰδθ
633 2770 792 2829 urbis
831 2770 1152 2828 custodiam
1192 2776 1261 2827 ut
1292 2776 1505 2847 praesto
1540 2778 1743 2843 essent,
1774 2770 2011 2847 juvenes
2050 2776 2117 2829 ut
2176 2783 2210 2833 5

184 2842 214 2871 ⁰
305 2839 332 2871 Θ
347 2838 458 2869 num
543 2857 556 2869 ⁰
632 2866 776 2924 foris
805 2865 958 2923 bella
995 2872 1274 2943 gererent.
1358 2864 1540 2923 Arma
1571 2866 1663 2923 his
1704 2867 1983 2944 imperata
2022 2886 2119 2943 ga·

184 2966 291 3037 lea,
336 2964 606 3042 clipeum,
651 2980 850 3035 ocreae,
885 2962 1076 3034 lorica,
1114 2962 1310 3020 omnia
1358 2980 1427 3019 ex
1476 2979 1621 3019 sere:
1670 2961 1796 3019 haec
1844 2970 1914 3021 ut
1958 2969 2120 3038 tegu-

186 3068 388 3123 menta
413 3060 671 3137 corporis
702 3064 923 3133 essent3
966 3058 1082 3117 tela
1118 3059 1180 3115 in
1213 3058 1440 3117 hostem
1475 3049 1750 3134 hastaque
1784 3065 1842 3115 et
1874 3058 2115 3135 gladius,

186 3158 428 3217 Additae
469 3156 606 3214 huic
647 3155 813 3215 classi
849 3155 980 3213 duae
1021 3155 1253 3213 fabrum
1299 3154 1587 3225 centuriae,
1620 3172 1748 3232 quae
1792 3154 1911 3213 sine
1948 3144 2123 3214 armis

189 3254 478 3332 stipendia
497 3252 801 3311 facerent:
845 3251 1046 3311 datum
1077 3271 1289 3309 munus
1322 3259 1388 3310 ut
1414 3243 1707 3309 machinas
1740 3250 1800 3308 in
1832 3250 1983 3309 bello
2007 3252 2119 3311 fer·
2141 3258 2214 3310 10

186 3358 328 3409 rent.
417 3348 682 3407 Secunda
729 3346 922 3406 classis
969 3348 1120 3405 intra
1159 3354 1390 3407 centum
1432 3367 1611 3427 usque
1652 3347 1727 3407 ad
1768 3349 2020 3427 quinque
2062 3357 2121 3408 et

187 3446 556 3529 septuaginta
593 3444 819 3503 milium
861 3464 1094 3519 censum
1135 3444 1432 3517 instituta3
1476 3453 1535 3503 et
1576 3464 1645 3503 ex
1685 3445 1771 3518 iis,
1804 3446 2121 3505 senioribus

198 3543 655 3620 junioribusque,
691 3541 902 3618 viginti
953 3542 1291 3616 conscriptae
1342 3540 1629 3598 centuriae.
1714 3541 1897 3599 Arma
1943 3543 2123 3617 impe-

187 3648 309 3699 rata
350 3646 581 3699 scutum
622 3657 730 3716 pro
779 3638 982 3714 clipe0,
1014 3642 1072 3693 et
1114 3642 1325 3711 praeter
1372 3636 1605 3693 loricam
1656 3638 1851 3693 omnia
1902 3636 2117 3692 eadem.

187 3737 398 3797 Tertiae
441 3736 636 3795 classis
674 3735 738 3793 in
772 3731 1190 3811 quinquaginta
1227 3730 1453 3788 milium
1494 3724 1726 3788 censum
1768 3748 1888 3787 esse
1920 3727 2117 3785 voluit.
2142 3728 2217 3780 15

1127 3825 1187 3881 D
