2459 3967
234 216 594 296 GARLXIJ
796 239 873 276 AB
918 238 1073 277 URBE
1119 237 1382 278 comum
1426 237 1600 278 mem.
2047 216 2174 282 295

232 386 473 462 deus-emo
506 397 567 437 ιη)
601 387 651 426 to
692 379 752 436 in
781 399 973 436 servos
1004 379 1079 437 ad
1108 381 1374 438 militiam
1404 381 1680 440 emendos
1712 375 2176 457 armandosque),

240 452 655 562 ξιξὶἐζιέιῖὓῖοζξιζι
696 495 800 533 nec
827 477 1213 534 Hannibalem
1249 479 1499 535 maxime
1529 478 1767 555 hujusce
1802 477 1898 549 rei,
1923 482 1990 534 ut
2023 476 2182 533 fama

240 587 505 638 respecting
547 587 651 627 the
692 579 829 644 erat,
861 580 1126 650 egentem
1160 573 1498 652 locupletari
1529 575 1813 633 volebant.
1899 573 2048 632 Cum
2084 573 2182 630 tri—

241 665 374 763 ἓξὲξ
388 666 458 762 (1ζὲ
471 653 653 771 {523}
690 675 779 728 ste
811 687 1165 746 responsum,
1196 689 1316 727 non
1349 670 1556 728 redimi
1583 671 1858 748 captiVOS,
1887 670 2179 728 redditum
2202 675 2276 728 10
2336 721 2344 728 .

241 762 469 829 Extexit
499 787 552 828 of
572 786 651 828 the
693 773 857 838 esset,
878 785 1174 844 novusque
1202 785 1374 844 super
1393 773 1644 824 veterem
1673 767 1862 825 luctus
1889 773 1982 825 tot
2000 766 2180 844 jactu-

242 855 441 962 cisazter
466 855 655 962 ⁸203·
694 882 757 921 ra
788 863 1001 924 civium
1036 861 1296 940 adjectus
1329 870 1492 934 esset,
1525 882 1654 920 cum
1691 863 1918 940 magnis
1949 863 2182 921 fletibus

242 931 518 1030 ffibgjssgr
531 931 651 1029 {2215
694 959 1101 1038 questibusque
1122 959 1344 1036 legatos
1371 960 1446 1017 ad
1466 968 1692 1036 portam
1715 960 2006 1038 prosecuti
2028 966 2177 1018 sunt.

242 1055 323 1097 ¹⁸¹¹
337 1055 655 1098 ⁰⁰¹²¹¹¹¹¹²¹¹ffi0⁸
696 1055 867 1117 Unus
900 1076 970 1115 ex
1003 1055 1077 1113 iis
1109 1055 1349 1114 domum
1377 1057 1542 1128 abiit,
1577 1056 1734 1135 quod
1767 1055 1960 1114 fallaci
1993 1055 2182 1114 reditu

241 1123 351 1231 {¹2⁰ss
373 1122 650 1242 rgfftffigiffi
688 1154 753 1212 in
800 1160 985 1212 castra
1026 1152 1400 1230 jurejurando
1451 1173 1510 1211 se
1557 1153 1905 1211 exsolvisset.
2008 1152 2182 1223 Quod
2203 1160 2277 1213 15

240 1257 651 1300 ianm-Firmum
690 1251 793 1309 ubi
829 1250 1088 1309 innotuit
1123 1249 1480 1327 relatumque
1517 1250 1591 1308 ad
1625 1258 1885 1308 senatum
1927 1256 2030 1322 est,
2063 1269 2182 1308 om-

240 1324 299 1364 01’
330 1325 409 1366 the
444 1325 651 1366 Romans
1002 1346 1009 1351 ·
2142 1347 2157 1360 ·

242 1391 391 1433 under
407 1391 527 1434 their
546 1391 653 1433 mis-
693 1367 795 1406 nes
822 1354 1167 1406 censuerunt
1194 1346 1816 1425 comprehendendum,
1837 1353 1914 1420 et,
1934 1347 2184 1406 custodi-

242 1458 465 1500 rortunes.
480 1459 653 1501 -var-
692 1445 801 1504 bus
828 1444 1057 1523 publice
1086 1444 1255 1517 datis,
1276 1444 1678 1503 deducendum
1701 1445 1775 1502 ad
1793 1443 2204 1503 Hannibalem·

242 1535 299 1566 ro
319 1525 518 1567 receives
539 1525 655 1578 pub-
696 1561 832 1600 esse·

241 1591 304 1633 lic
334 1591 557 1633 thsnke
583 1592 654 1633 for

240 1669 275 1699 n
292 1660 354 1700 ot
380 1658 551 1710 having
576 1658 655 1700 ‹10-
772 1639 877 1697 Est
905 1646 964 1697 et
991 1639 1103 1697 alia
1128 1639 1201 1698 de
1229 1639 1473 1717 captivis
1498 1640 1690 1698 fama:
1734 1639 1934 1698 decem
1962 1640 2182 1718 primos
2202 1644 2279 1697 20

240 1724 425 1833 :2:3⁰⁰
454 1724 521 1766 ⁰¹
550 1725 653 1767 ‘¹²⁰
694 1737 941 1808 venisse3
972 1736 1044 1793 de
1073 1736 1155 1793 eis
1184 1755 1314 1794 cum
1340 1736 1669 1795 dubitatum
1697 1737 1757 1794 in
1787 1743 1991 1795 senatu
2012 1743 2178 1809 esset,

692 1832 1135 1890 admitterentur
1178 1832 1240 1890 in
1288 1832 1486 1891 urbem
1539 1852 1735 1904 necne,
1771 1833 1855 1891 ita
1900 1833 2184 1890 admissos

240 1948 383 2001 esse,
422 1949 495 1988 ne
549 1937 744 1988 tamen
801 1929 873 1987 iis
928 1935 1160 1987 senatus
1215 1911 1461 1988 daretur.
1564 1929 1926 1988 Morantibus
1974 1929 2184 1988 deinde

238 2027 473 2104 longius
514 2028 775 2085 omnium
820 2047 938 2105 spe,
970 2027 1114 2085 alios
1154 2033 1270 2085 tres
1313 2028 1545 2105 insuper
1585 2027 1806 2104 legatos
1847 2027 2083 2098 venisse,
2115 2026 2178 2084 L.

238 2124 607 2182 Scribonium
641 2131 699 2182 et
727 2124 790 2182 C.
811 2124 1191 2202 Calpurnium
1220 2131 1280 2182 et
1307 2124 1368 2183 L.
1391 2124 1686 2183 Manlium.
1763 2124 1916 2183 Tum
1946 2125 2180 2182 demum
2203 2127 2280 2181 25

238 2222 313 2280 ab
351 2229 599 2298 cognato
634 2221 921 2279 Scribonii
959 2220 1194 2279 tribuno
1222 2220 1410 2298 plebis
1448 2222 1520 2280 de
1556 2221 1908 2280 redimendis
1940 2221 2184 2299 captivis

238 2318 484 2376 relatum
521 2337 658 2389 esse,
690 2337 795 2375 nec
835 2317 1121 2376 censuisse
1158 2318 1528 2376 redimendos
1565 2324 1861 2391 senatum3
1905 2324 1966 2376 et
2002 2338 2183 2376 novos

237 2415 462 2494 legatos
489 2421 604 2472 tres
633 2414 707 2472 ad
729 2415 1117 2473 Hannibalern
1146 2415 1461 2487 revertisse,
1486 2416 1686 2473 decem
1715 2422 1934 2474 veteres
1966 2434 2185 2474 reman-

236 2512 397 2583 sisse,
435 2511 610 2589 quod,
640 2530 745 2589 per
785 2531 1013 2569 causam
1056 2512 1505 2589 recognoscendi
1546 2513 1784 2570 nomina
1824 2513 2183 2591 captivorum

236 2609 314 2667 ad
331 2608 717 2667 Hannibalem
742 2629 811 2667 ex
833 2609 1035 2667 itinere
1057 2610 1314 2686 regressi,
1335 2609 1612 2688 religione
1641 2629 1762 2668 sese
1791 2610 2178 2669 exsolvissent.
2203 2616 2279 2668 30

235 2706 331 2764 De
369 2707 442 2764 iis
479 2706 757 2764 dedendis
795 2725 1005 2783 magna
1042 2707 1413 2765 contentione
1451 2713 1642 2765 actum
1682 2708 1742 2765 in
1783 2715 1984 2766 senatu
2021 2724 2181 2779 esse3

237 2803 536 2881 victosque
579 2804 778 2880 paucis
823 2804 1123 2862 sententiis
1170 2804 1270 2882 qui
1315 2803 1611 2863 dedendos
1655 2805 1994 2864 censuerint.
2079 2802 2185 2861 Ce-

235 2907 427 2958 terum
460 2900 739 2977 proximis
772 2899 1103 2958 censoribus
1144 2901 1288 2958 adeo
1333 2900 1603 2959 omnibus
1635 2901 1791 2960 notis
1824 2899 2182 2978 ignominiis-

238 3017 351 3075 que
384 2997 681 3055 confectos
714 3017 852 3070 esse,
882 3004 949 3057 ut
988 2998 1221 3075 quidam
1261 3016 1458 3057 eorum
1497 3004 1744 3056 mortem
1787 2999 1896 3056 sibi
1937 2998 2052 3075 ipsi
2091 3017 2185 3056 ex-

236 3094 459 3172 templo
488 3095 884 3168 consciverint,
906 3094 1079 3152 ceteri
1107 3114 1226 3152 non
1248 3095 1380 3152 foro
1410 3093 1596 3152 solum
1625 3095 1785 3152 omni
1814 3094 2023 3152 deinde
2043 3095 2178 3167 vita,
2203 3102 2277 3154 35

238 3191 341 3249 sed
381 3210 564 3268 prope
607 3191 734 3250 luce
782 3211 849 3250 ac
897 3190 1148 3269 publicO,
1180 3191 1480 3249 caruerint.
1567 3190 1763 3249 Mirari
1803 3192 2006 3268 magiS,
2037 3193 2182 3250 adeo

237 3288 562 3366 discrepare
616 3289 771 3347 inter
822 3294 1102 3362 auctores,
1140 3307 1313 3368 quam
1370 3287 1512 3366 quid
1558 3287 1678 3346 veri
1733 3287 1809 3346 sit
1863 3287 2182 3347 discernere

238 3405 430 3464 queas,

320 3482 554 3553 Quanto
608 3489 805 3542 autem
860 3481 1051 3560 major
1103 3501 1172 3542 ea
1224 3481 1416 3542 clades
1475 3482 1863 3560 superioribus
1923 3483 2181 3542 cladibus

238 3580 433 3642 fuerit.
465 3579 553 3638 vel
594 3599 661 3638 ea
699 3600 789 3638 res
830 3581 1047 3638 indicio
1088 3585 1191 3651 est,
1224 3579 1384 3658 quod
1420 3578 1563 3637 fides
1604 3581 1908 3651 sociorum,
1934 3599 2062 3656 quae
2107 3578 2181 3636 ad
2198 3579 2275 3631 40

237 3697 374 3737 eum
416 3677 571 3735 diem
610 3677 775 3736 firma
815 3684 1063 3749 steterat,
1094 3683 1221 3734 tum
1262 3675 1451 3734 labare
1492 3677 1687 3754 coepit,
1718 3678 1875 3735 nulla
1913 3676 2178 3753 profecto

238 3775 354 3833 alia
385 3774 457 3834 de
490 3793 551 3832 re
586 3793 757 3852 quam
792 3774 949 3852 quod
982 3773 1420 3850 desperaverant
1452 3772 1524 3831 de
1556 3773 1816 3849 imperio.
1899 3769 2177 3828 Defecere
