2459 3967
286 200 413 266 272
1104 218 1221 258 τιτι
1263 219 1388 259 um
1835 197 1990 277 [Lm.
2015 202 2232 264 XXII.

1186 441 1313 509 XL.

334 583 483 636 30915
524 583 577 626 or
608 583 689 626 the
808 555 1103 614 Adversus
1136 575 1204 614 ea
1237 555 1423 615 oratio
1457 556 1708 616 consulis
1733 557 1891 616 haud
1920 577 2057 616 sane
2091 558 2236 618 laeta

286 651 471 728 consul.
506 675 548 684 ·-
574 651 686 692 Two
725 653 860 724 fuit,
884 653 1070 730 magis
1098 652 1336 711 fatentis
1363 673 1446 726 ea,
1471 673 1602 731 quae
1630 654 1861 726 diceret,
1886 673 2020 712 vera
2049 674 2232 732 quam

287 717 687 835 ῗέἰὲἰὲι-ῗῑζῒὲῗ
727 750 923 808 facilia
952 749 1113 808 factu
1148 769 1286 808 esse.
1371 749 1661 808 Dictatori
1693 751 2035 828 magistrum
2069 751 2234 828 equi-

286 851 594 928 Hannibalon
610 853 687 894 the
728 853 856 905 tum
890 845 1309 904 intolerabilem
1342 846 1558 904 fuisse:
1605 846 1746 924 quid
1775 847 1995 904 consuli
2029 846 2234 905 adver-

286 919 461 1026 23:⁰22
464 919 688 1028 03:112ss
728 963 825 1000 sus
852 942 1133 1020 collegam
1162 943 1500 1000 seditiosum
1529 961 1594 1000 ac
1616 943 1984 1001 temerarium
2012 943 2230 1000 virium
2293 953 2326 1003 5

286 1053 474 1104 Greatiy
494 1054 543 1094 in
565 1055 691 1096 want
731 1048 903 1118 atque
931 1039 1288 1096 auctoritatis
1315 1039 1483 1096 fore?
1564 1038 1638 1097 Se
1667 1039 1942 1117 populare
1970 1040 2232 1098 incendi—

288 1120 341 1160 ⁰f
354 1121 625 1172 ¹²¹'¹'V¹⁸i⁰¹'⁸·
730 1155 831 1194 um
863 1137 1053 1212 priore
1088 1135 1386 1194 consulatu
1421 1143 1738 1194 semustum
1771 1136 2081 1213 effugisse:
2127 1157 2233 1214 op-

289 1239 427 1303 tare,
452 1239 519 1290 ut
554 1232 749 1290 omnia
775 1251 1047 1308 prospere
1082 1232 1411 1304 evenirent3
1457 1239 1532 1305 at,
1558 1233 1606 1290 si
1635 1233 1775 1310 quid
1808 1232 2031 1290 adversi
2065 1233 2233 1292 cade-

290 1334 392 1400 ret,
417 1328 673 1386 hostium
708 1347 767 1386 se
795 1327 925 1386 telis
956 1329 1152 1406 potius
1181 1348 1355 1406 quam
1390 1330 1678 1406 suffragiis
1703 1331 1980 1387 iratorum
2010 1329 2230 1388 civium

291 1432 465 1501 caput
506 1424 885 1501 objecturum.
901 1425 1091 1483 —Ab
1138 1427 1250 1484 hoc
1297 1446 1557 1485 sermone
1601 1427 1929 1505 profectum
1975 1427 2230 1486 Paulum
2251 1432 2324 1485 10

290 1522 543 1594 tradunt,
568 1523 1045 1600 prosequentibus
1078 1523 1428 1602 primoribus
1459 1531 1726 1602 patrum:
1769 1523 2060 1602 plebeium
2095 1545 2231 1584 con-

290 1619 473 1678 sulem
510 1641 611 1678 sua
644 1621 841 1698 plebes
874 1629 1191 1700 prosecuta,
1216 1621 1388 1680 turba
1421 1622 1797 1700 conspectior,
1817 1641 1951 1680 cum
1979 1621 2232 1700 dignita-

290 1723 378 1776 tes
406 1718 683 1779 deessent.

371 1815 459 1876 Ut
492 1819 551 1874 in
588 1827 771 1876 castra
804 1824 1097 1890 venerunt,
1121 1821 1410 1894 permixto
1444 1836 1597 1876 novo
1631 1816 1882 1876 exercitu
1915 1836 1982 1876 ac
2014 1824 2227 1891 vetere,

292 1917 491 1975 castris
525 1918 790 1976 bifariam
826 1918 1010 1989 factiS,
1037 1923 1103 1974 ut
1134 1935 1286 1974 nova
1315 1917 1542 1974 minora
1573 1923 1762 1974 essent
1794 1915 2034 1994 propius
2065 1915 2229 1974 Han-
2249 1920 2321 1972 15

291 2013 559 2087 nibalem‚
591 2015 651 2072 in
688 2015 975 2073 veteribus
1012 2013 1201 2091 major
1232 2033 1365 2091 pars
1397 2020 1457 2071 et
1491 2032 1661 2071 omne
1694 2012 1870 2070 robur
1900 2012 2109 2070 virium
2146 2032 2230 2071 es-

292 2118 395 2183 set,
422 2113 720 2170 consulum
761 2113 897 2169 anni
930 2111 1137 2188 prioris
1170 2109 1250 2168 M.
1279 2109 1541 2183 Atilium,
1573 2117 1804 2169 aetatem
1837 2117 2224 2182 excusantem,

292 2207 537 2266 Romam
574 2210 869 2280 miserunt,
894 2209 1205 2266 Geminum
1241 2207 1545 2266 Servilium
1578 2208 1640 2264 in
1673 2207 1993 2266 minoribus
2027 2208 2228 2266 castris

290 2302 508 2380 legioni
555 2305 833 2363 Romanas
882 2311 942 2362 et
989 2305 1213 2362 socium
1262 2305 1526 2382 peditum
1576 2305 1950 2382 equitumque
1997 2303 2226 2362 duobus

290 2401 525 2459 milibus
580 2402 919 2478 praeficiunt.
1019 2401 1315 2460 Hannibal
1365 2420 1715 2479 quamquam
1763 2407 1926 2478 parte
1979 2401 2225 2460 dimidia
2241 2407 2317 2460 20

290 2502 487 2554 auctas
535 2496 789 2554 hostium
833 2496 1026 2573 copias
1070 2497 1354 2569 cernebat,
1389 2504 1585 2555 tamen
1625 2486 1875 2556 adventu
1923 2498 2224 2556 consulum

290 2594 435 2662 mire
474 2593 738 2670 gaudere.
824 2593 882 2650 N
885 2613 961 2651 on
1002 2593 1188 2652 solum
1230 2594 1384 2652 enim
1435 2593 1582 2652 nihil
1623 2614 1692 2652 ex
1734 2595 1912 2672 raptis
1957 2595 2020 2652 in
2069 2595 2224 2654 diem

292 2690 707 2748 commeatibus
746 2689 1066 2767 superabat,
1098 2692 1199 2749 sed
1237 2711 1310 2748 ne
1347 2691 1502 2748 unde
1534 2698 1759 2768 raperet
1793 2691 2025 2768 quidem
2062 2692 2226 2769 quid-

294 2807 465 2866 quam
500 2787 704 2865 reliqui
738 2795 873 2860 erat‚
907 2789 1067 2845 omni
1105 2788 1360 2865 undique
1398 2788 1712 2859 frumento,
1743 2794 2050 2865 postquam
2089 2807 2224 2866 ager

291 2905 493 2964 parum
529 2893 691 2944 tutus
726 2891 863 2957 erat,
895 2886 956 2943 in
988 2885 1170 2944 urbes.
1190 2884 1445 2944 munitas
1479 2891 1772 2956 convecto,
1795 2891 1862 2942 ut
1895 2885 1989 2942 vix
2025 2886 2219 2944 decem
2240 2894 2311 2944 25

291 2984 530 3056 dierum,
558 2983 713 3061 quod
746 2989 1107 3061 compertum
1136 2988 1340 3058 postea
1372 2989 1474 3053 est,
1498 2982 1854 3040 frumentum
1884 2990 2219 3059 superesset,

291 3081 800 3160 Hispanorumque
829 3080 904 3138 ob
932 3081 1189 3158 inopiam
1216 3080 1482 3137 transitio
1511 3085 1711 3157 parata
1742 3079 1935 3152 fuerit,
1961 3079 2009 3136 si
2041 3087 2224 3138 matu-

291 3179 429 3236 ritas
456 3185 783 3255 temporum
820 3182 1147 3255 exspectata
1171 3177 1340 3234 foret.

1169 3353 1325 3412 XLI.

344 3495 567 3536 Conision
614 3498 690 3539 be·
814 3465 1083 3524 Ceterum
1118 3466 1432 3525 temeritati
1474 3466 1722 3524 consulis
1757 3487 1821 3525 ac
1853 3487 2221 3546 praepropero

293 3559 443 3660 2νέἕέ
477 3560 568 3662 ἑξὲ
602 3562 692 3664 1¹}ss
734 3558 967 3634 ingenio
1006 3563 1306 3620 materiam
1349 3563 1523 3620 etiam
1557 3563 1794 3620 fortuna
1835 3562 2013 3635 dedit,
2048 3565 2218 3642 quod,

292 3685 567 3736 plundering
590 3697 693 3736 par·
733 3669 793 3706 m
821 3654 1196 3726 prohibendis
1222 3657 1660 3735 praedatoribuS,
1677 3658 2055 3717 tumultuario
2077 3679 2224 3737 proe-

320 3747 384 3788 ὀε
409 3749 461 3790 of
482 3749 560 3790 the
586 3751 691 3792 car-
733 3741 811 3798 lio
844 3763 909 3802 ac
941 3767 1217 3821 procursu
1257 3753 1444 3830 magis
1475 3753 1730 3812 militum
1763 3773 1937 3831 quam
1977 3773 2049 3814 ex
2081 3775 2224 3832 prae-
