2459 3967
205 246 618 326 CARLXIVJ
767 268 842 305 AB
888 267 1042 306 1111311
1088 266 1351 305 comum
1396 266 1569 305 unm.
2011 246 2135 309 161

203 410 418 468 timore
467 409 760 479 Romanis,
814 410 992 467 citato
1050 408 1281 486 agmine
1334 407 1563 467 abeunt.
1665 408 1967 467 Numicius
2019 406 2140 464 An-

205 508 354 566 tium
415 507 682 565 adversus
733 506 994 578 VolscOS,
1031 506 1343 583 Verginius
1400 510 1601 564 contra
1649 506 1875 585 AEquos
1920 506 2140 583 profec-

205 612 317 663 tus,
403 602 493 661 Ibi
531 624 600 661 ex
633 604 858 662 insidiis
890 622 1070 681 prope
1104 622 1319 680 magna
1349 610 1585 681 accepta
1617 603 1791 675 clade,
1823 603 2003 661 virtus
2036 602 2140 660 mi-

205 700 378 758 litum
430 719 548 757 rem
597 699 922 777 prolapsam
963 698 1329 776 neglegentia
1373 698 1623 757 consulis
1671 699 1937 757 restituit.
2022 698 2140 757 Me·
2159 707 2234 761 15

205 796 318 855 lius
360 796 422 853 in
455 795 682 855 Volscis
731 796 1076 873 imperatum
1119 800 1239 855 est:
1288 794 1407 853 fusi
1446 795 1635 872 primo
1676 795 1881 873 proelio
1924 794 2137 869 hostes,

205 894 462 971 fugaque
488 893 550 951 in
575 892 778 951 urbem
797 892 1062 964 Antium,
1087 897 1154 950 ut
1173 898 1299 950 tum
1328 911 1417 949 res
1444 898 1621 963 erant,
1646 892 2140 970 opulentissimam

206 991 337 1049 acti.
423 988 610 1060 Quam
651 989 850 1049 consul
885 1007 1220 1069 oppugnare
1253 1008 1373 1047 non
1404 1008 1590 1061 ausus,
1622 988 1953 1062 Caenonem,
1984 990 2141 1048 aliud

207 1086 491 1165 oppidum
531 1106 890 1164 nequaquam
932 1094 1054 1145 tam
1097 1086 1453 1165 opulentum,
1484 1086 1556 1145 ab
1588 1086 1927 1146 Antiatibus
1968 1088 2136 1167 cepit.

205 1184 366 1243 Dum
395 1184 574 1262 AEqui
602 1183 914 1262 Volscique
941 1183 1237 1243 Romanos
1270 1185 1550 1243 exercitus
1580 1190 1797 1257 tenent,
1822 1184 2021 1244 Sabini
2052 1204 2141 1244 us—
2159 1188 2237 1243 20

207 1301 320 1360 que
347 1281 422 1339 ad
448 1286 646 1359 portas
672 1280 830 1341 urbis
856 1280 1200 1361 populantes
1228 1282 1523 1341 incessere.
1606 1282 1834 1341 Deinde
1861 1284 1973 1362 ipsi
2004 1302 2143 1362 pau-

205 1380 288 1438 cis
315 1386 452 1457 post
477 1378 681 1437 diebus
707 1378 780 1437 ab
801 1378 1028 1440 duobus
1055 1380 1414 1452 exercitibus,
1438 1386 1681 1459 utroque
1709 1400 1812 1459 per
1838 1382 1979 1440 iram
2010 1400 2143 1439 con-

206 1475 328 1535 sule
355 1476 612 1554 ingresso
640 1475 704 1536 in
729 1473 892 1548 fines,
919 1475 1050 1553 plus
1081 1476 1333 1535 cladium
1368 1496 1539 1554 quam
1572 1477 1883 1537 intulerant
1916 1496 2142 1556 accepe-

204 1580 357 1634 runt.
549 1579 556 1587 '

1068 1654 1283 1715 LXIV.

256 1781 367 1823 war
392 1780 508 1824 with
533 1780 613 1823 the
733 1767 1006 1827 Extremo
1035 1788 1187 1826 anno
1215 1769 1375 1845 pacis
1401 1769 1618 1847 aliquid
1639 1768 1770 1841 fuit,
1792 1769 1892 1827 sed
1912 1775 1979 1827 ut
2000 1788 2142 1828 sem-

205 1848 481 1957 ἓξὲωῗὶῒῖ
495 1848 614 1957 Οἲέζ
654 1883 758 1942 per
797 1864 950 1937 alias,
983 1864 1242 1923 sollicitae
1285 1865 1443 1943 pacis
1476 1865 1787 1923 certamine
1818 1872 2048 1943 patrum
2082 1872 2141 1923 et

205 1978 614 2025 voleat—Dran
653 1961 852 2039 plebis.
954 1960 1109 2019 Irata
1162 1961 1358 2039 plebes
1417 1961 1690 2019 interesse
1750 1960 2142 2020 consularibus

203 2047 617 2157 ᾟὲῑὲηᾩὲξξῗὲ
657 2057 907 2117 comitiis
928 2057 1147 2116 noluit:
1191 2077 1295 2136 per
1320 2064 1511 2135 patres
1538 2058 1883 2135 clientesque
1910 2063 2138 2135 patrum

205 2182 370 2225 consul
412 2180 616 2234 Quincti-
657 2154 917 2213 consules
959 2154 1132 2213 creati
1166 2154 1232 2213 T.
1258 2154 1562 2224 Quinctius
1594 2154 1663 2223 Q.
1686 2154 1973 2213 Servilius.
2058 2154 2143 2213 Si·
2200 2165 2236 2217 5

205 2259 276 2291 ¹¹⁸·
656 2251 853 2309 milem
887 2270 1100 2310 annum
1131 2252 1310 2329 priori
1333 2251 1593 2309 consules
1614 2251 1845 2324 habent,
1872 2252 2143 2311 seditiosa

206 2349 392 2421 initia,
414 2348 567 2407 bello
597 2348 806 2407 deinde
835 2355 1071 2407 externo
1098 2348 1420 2426 tranquilla.
1506 2348 1720 2421 Sabini,
1740 2348 2143 2409 Crustuminos

205 2463 446 2522 campos
486 2444 662 2502 citato
704 2444 934 2522 agmine
975 2445 1327 2521 transgressi,
1364 2464 1495 2503 cum
1545 2446 1731 2505 caedes
1778 2453 1837 2505 et
1878 2446 2143 2506 incendia

207 2542 424 2600 circum
445 2540 732 2599 Anienem
753 2540 969 2599 flumen
991 2541 1279 2612 fecissent,
1300 2561 1335 2598 a
1361 2548 1529 2618 porta
1554 2561 1734 2619 prope
1753 2542 1979 2602 Collina
2002 2562 2144 2601 moe-

206 2638 493 2717 nibusque
525 2639 693 2717 pulsi,
723 2639 988 2717 ingentes
1019 2646 1213 2697 tamen
1256 2639 1479 2717 praedas
1512 2639 1815 2699 hominum
1849 2660 2143 2717 pecorum·
2162 2645 2239 2700 10

208 2755 321 2813 que
349 2755 530 2813 egere.
615 2735 774 2805 Quos
797 2736 1066 2795 Servilius
1095 2735 1295 2794 consul
1317 2736 1531 2794 infesto
1561 2738 1812 2795 exercitu
1832 2738 2139 2810 insecutus,

206 2834 402 2911 ipsum
437 2833 670 2910 quidem
712 2852 920 2911 agmen
962 2833 1204 2911 adipisci
1240 2833 1421 2910 aequis
1453 2832 1593 2890 locis
1624 2852 1743 2891 non
1776 2835 2001 2911 potuit3
2044 2853 2145 2910 po-

207 2930 566 3007 pulationem
607 2931 752 2989 adeo
794 2931 974 2989 effuse
1005 2930 1164 2999 fecit,
1195 2937 1263 2989 ut
1294 2929 1441 2988 nihil
1472 2929 1625 2987 bello
1658 2930 1939 2987 intactum
1978 2931 2145 2989 relin-

209 3033 425 3105 queret,
461 3028 886 3107 multiplicique
934 3034 1104 3106 capta
1150 3026 1349 3105 praeda
1394 3025 1621 3085 rediret.
1704 3024 1782 3082 Et
1822 3026 1881 3083 in
1916 3026 2145 3086 Volscis

207 3144 298 3182 res
345 3124 580 3203 publica
624 3126 852 3203 egregie
889 3132 1066 3203 gesta,
1101 3144 1237 3183 cum
1278 3124 1459 3196 ducite,
1488 3130 1614 3181 tum
1657 3122 1909 3180 militum
1952 3142 2140 3201 opera.
2164 3129 2239 3183 15

208 3221 472 3279 Primum
501 3240 670 3300 aequo
697 3241 902 3299 campo
932 3223 1112 3301 signis
1139 3221 1361 3280 collatis
1381 3228 1719 3300 pugnatum,
1743 3221 1967 3298 ingenti
1988 3222 2147 3282 caede

209 3320 516 3397 utrimque,
531 3319 784 3397 plurimo
805 3320 1111 3399 sanguine:
1147 3326 1206 3377 et
1221 3319 1487 3392 Romani,
1506 3319 1639 3397 quia
1657 3319 1914 3397 paucitas
1932 3320 2145 3379 damno

211 3416 512 3475 sentiendo
544 3416 782 3495 propior
814 3424 950 3487 erat,
974 3417 1217 3494 gradum
1253 3416 1621 3488 rettulissent,
1652 3417 1713 3475 ni
1748 3417 1958 3476 salubri
1990 3436 2148 3477 men·

210 3514 374 3571 dacio
405 3513 620 3585 consul,
645 3514 847 3591 fugere
875 3513 1071 3572 hostes
1097 3513 1170 3571 ab
1200 3532 1377 3571 cornu
1406 3513 1586 3571 altero
1615 3513 1930 3586 clamitans,
1960 3515 2149 3573 conci·

210 3617 386 3668 tasset
413 3610 611 3669 aciem.
696 3611 930 3689 Impetu
961 3611 1136 3681 fact0,
1169 3609 1310 3667 dum
1344 3628 1404 3667 se
1436 3616 1646 3685 putant
1672 3611 1913 3681 vincere,
1943 3609 2142 3668 vicere.
2166 3615 2241 3667 20

212 3706 428 3765 Consul
455 3714 736 3779 metuens,
767 3728 840 3767 ne
867 3707 1042 3765 nimis
1071 3703 1341 3762 instando
1368 3712 1668 3763 renovaret
1700 3712 2006 3774 certamen,
2038 3705 2148 3778 sig-

213 3823 352 3863 num
393 3804 650 3881 receptui
691 3804 870 3863 dedit.
956 3802 1333 3861 Intercessere
1380 3800 1551 3877 pauci
1590 3800 1730 3871 dies,
1761 3799 1917 3857 velut
1956 3797 2147 3855 tacitis
