2459 3967
162 197 451 277 CAELI]
490 221 509 233 ·
728 218 805 256 AB
852 218 1005 257 URBE
1051 215 1315 256 comm-A
1359 217 1535 254 unm.
1967 196 2094 258 5213

156 378 353 418 passage
392 367 447 407 οἵ
484 367 561 408 the
604 359 833 418 felicem
876 359 937 417 in
974 357 1228 416 Siciliam
1271 358 1596 430 transitum,
1633 363 1846 416 statum
1889 354 2097 414 deinde
2119 362 2194 414 25

156 433 562 550 ξ’ζζῖὶξὲᾞᾶ
606 456 807 514 insulae
852 463 911 514 et
953 455 1518 535 Carthaginiensium
1561 461 1768 514 conata
1815 455 2096 532 exposuit,

154 569 273 608 been
296 568 479 620 fought.
602 552 1009 632 pollicitusque
1049 560 1152 625 est,
1190 572 1306 630 quo
1347 553 1541 610 animo
1581 553 1770 630 priore
1813 551 1963 610 bello
2001 572 2096 630 po-

156 653 363 730 pulum
397 651 727 710 Romanum
760 651 986 729 juvenis
1026 649 1358 728 adjuvisset,
1388 669 1457 708 eo
1499 669 1695 708 senem
1732 649 2100 727 adjuturum3

154 753 523 808 frumentum
543 749 997 826 vestimentaque
1031 767 1152 806 sese
1178 746 1505 826 legionibus
1539 747 1788 806 consulis
1821 748 2102 827 sociisque

154 846 461 904 navalibus
508 846 687 923 gratis
732 845 1149 924 praebiturum:
1206 844 1423 922 grande
1477 845 1794 923 periculum
1844 845 2101 923 Lilybaeo
2123 851 2198 903 30

154 943 582 1021 maritimisque
624 943 953 1001 civitatibus
994 962 1132 1015 esse,
1169 949 1227 1001 et
1263 943 1606 1022 quibusdam
1640 942 1964 1002 volentibus
2003 963 2103 1000 no-

154 1061 257 1098 vas
288 1060 379 1098 res
406 1040 549 1098 fore.
628 1039 719 1098 Ob
748 1039 873 1098 haec
903 1040 1125 1098 consuli
1152 1039 1298 1099 nihil
1327 1041 1712 1099 cunctandum
1735 1040 1938 1112 visum,
1964 1042 2104 1117 quin

156 1137 489 1215 Lilybaeum
520 1137 694 1195 classe
722 1145 975 1214 peteret:
1015 1146 1074 1197 et
1100 1158 1197 1197 rex
1227 1139 1495 1217 regiaque
1523 1139 1716 1196 classis
1744 1157 1858 1196 una
1883 1138 2105 1216 profec-

155 1237 221 1292 ti.
312 1234 667 1312 Navigantes
710 1235 847 1294 inde
888 1242 1211 1314 pugnatum
1253 1236 1328 1294 ad
1368 1234 1692 1314 Lilybaeum
1732 1236 2004 1313 fusasque
2045 1241 2104 1293 et

158 1339 360 1410 captas
390 1331 645 1390 hostium
674 1352 847 1392 naves
876 1353 1159 1412 accepere.
2123 1337 2200 1390 35

1090 1511 1184 1571 LI.

210 1654 313 1695 The
340 1664 519 1696 consu
536 1653 565 1706 1,
689 1627 745 1684 A
776 1625 1034 1704 Lilybaeo
1064 1627 1278 1700 consul,
1301 1627 1555 1686 Hierone
1585 1646 1717 1686 cum
1745 1627 1920 1686 classe
1949 1630 2106 1705 regia

159 1721 350 1838 ἰῑιῑᾘιῑ)
364 1720 463 1828 ιξθξξ)
492 1722 571 1827 ἕξ
614 1723 868 1794 dimisso,
891 1723 1204 1800 relictoque
1224 1731 1472 1802 praetore
1501 1724 1576 1782 ad
1595 1725 1869 1782 tuendam
1893 1724 2103 1782 Siciliae

162 1854 274 1894 send
318 1854 397 1894 ,he
440 1856 571 1894 coast
614 1839 789 1891 oram,
821 1821 943 1898 ipse
972 1821 1031 1878 in
1062 1821 1303 1878 insulam
1335 1822 1609 1889 Melitam,
1643 1840 1772 1898 quae
1806 1841 1841 1878 a
1873 1819 2107 1878 Cartha·

160 1921 217 1962 ”f
230 1919 503 1998 Slffflyvssassss
522 1923 571 1962 ‘⁰
612 1917 967 1994 giniensibus
1026 1918 1344 1989 tenebatur,
1403 1919 1644 1995 trajecit.
1754 1918 2107 1976 Advenienti

160 1987 572 2098 ἳῖιξῖὲαέἓῦῖἷ
612 2015 908 2072 Hamilcar
945 2014 1221 2092 Gisgonis
1266 2015 1430 2086 filius,
1475 2015 1784 2092 praefectus
1832 2015 2103 2093 praesidii,
2168 2021 2202 2072 5

162 2125 333 2166 render
363 2125 417 2165 or
440 2123 571 2164 Meli·
614 2132 745 2170 cum
775 2111 948 2190 paulo
976 2113 1169 2170 minus
1198 2113 1424 2170 duobus
1452 2113 1684 2171 milibus
1713 2114 1984 2185 militum,
2011 2133 2109 2191 op·

162 2197 310 2301 {4²3¹ng
328 2193 575 2309 {222}ss
614 2211 931 2288 pidumque
986 2230 1117 2268 cum
1176 2210 1364 2267 insula
1417 2211 1678 2269 traditur.
1779 2211 1920 2269 Inde
1975 2218 2109 2288 post

163 2325 304 2368 orme
319 2327 453 2367 other
467 2326 575 2367 car-
615 2328 829 2386 paucos
863 2308 985 2366 dies
1026 2309 1275 2366 reditum
1312 2307 1650 2385 Lilybaeum,
1681 2308 2008 2388 captivique
2051 2316 2110 2368 et

164 2392 573 2500 {Jffffffffidflfass}
613 2427 649 2464 a
676 2405 907 2464 consule
941 2413 999 2464 et
1027 2426 1061 2462 a
1088 2413 1350 2484 praetore,
1385 2413 1594 2482 praeter
1621 2406 1874 2484 insignes
1906 2407 2111 2464 nobili-

164 2526 305 2578 aged
336 2527 415 2567 the
446 2525 575 2567 terri-
615 2511 735 2562 tate
776 2505 946 2575 virOS,
992 2503 1097 2560 sub
1140 2522 1351 2560 corona
1392 2505 1704 2562 venierunt.
1791 2504 2107 2580 Postquam
2130 2509 2204 2562 10

164 2593 574 2710 ζ’ζζρζῖθῖἑξοὲζ
614 2601 687 2660 ab
721 2620 789 2659 ea
815 2607 977 2678 parte
1012 2600 1148 2657 satis
1180 2605 1366 2657 tutam
1398 2600 1650 2658 Siciliam
1685 2601 1950 2660 censebat
1980 2622 2109 2659 con-

166 2727 326 2768 ceived
354 2725 469 2766 from
494 2726 573 2766 the
615 2697 718 2768 sul,
763 2697 836 2755 ad
879 2696 1091 2754 insulas
1126 2696 1389 2768 Vulcani,
1428 2699 1563 2774 quia
1601 2699 1760 2755 fama
1801 2705 1920 2756 erat
1962 2705 2108 2756 stare

167 2793 349 2872 senate,
372 2791 573 2848 direqt-
606 2795 697 2870 'ibi
731 2795 1011 2853 Punicam
1054 2794 1309 2865 classem,
1343 2793 1608 2869 trajecit3
1659 2813 1764 2852 nec
1805 2796 2109 2872 quisquam

166 2860 573 2982 ζζξξέἰξὲῐὶῗᾏξζ
613 2891 869 2949 hostium
899 2891 1047 2948 circa
1075 2909 1169 2947 eas
1198 2889 1410 2948 insulas
1438 2890 1718 2948 inventus.
1795 2891 1834 2948 J
1837 2911 1928 2948 am
1957 2893 2110 2949 forte

168 2997 487 3048 eoneague
521 3005 572 3102 ἵε
614 2987 1044 3046 transmiserant
1084 2988 1158 3044 ad
1192 2986 1526 3044 vastandam
1569 2985 1754 3043 Italiae
1805 3006 1979 3059 oram,
2017 2988 2110 3044 de-
2130 2993 2205 3045 15

167 3075 318 3105 soon
352 3073 402 3104 as
429 3072 537 3114 poss
556 3083 573 3092 -

166 3131 229 3172 bl
242 3131 409 3172 e-He
435 3128 575 3171 sends
614 3083 1009 3163 populatoquc
1028 3083 1372 3142 Viboniensi
1401 3103 1557 3162 agm,
1579 3083 1776 3141 urbem
1809 3085 1982 3142 etiam
2004 3090 2112 3142 ter-

168 3197 241 3238 his
263 3207 391 3246 army
411 3195 473 3247 by
494 3205 573 3238 sea
612 3182 831 3242 rebant.
916 3180 1223 3259 Repetenti
1260 3181 1513 3239 Siciliam
1559 3181 1780 3238 consuli
1819 3181 2109 3239 exscensio

168 3264 575 3374 ἓθᾼῗῗέἒὲῗῇ
613 3278 873 3337 hostium
910 3279 971 3337 in
1010 3297 1209 3356 agrum
1241 3278 1655 3337 Viboniensem
1691 3278 1848 3336 facta
1885 3279 2112 3337 nuntia-

170 3409 282 3440 soon
310 3397 441 3448 after,
462 3359 575 3438 saris
614 3382 725 3449 tur,
745 3376 1067 3454 litteraeque
1096 3375 1167 3433 ab
1198 3382 1399 3434 senatu
1429 3376 1499 3434 de
1528 3377 1772 3436 transitu
1801 3377 1860 3434 in
1883 3376 2110 3436 Italiam

171 3466 255 3573 “¹'‘
291 3465 573 3572 *ῧῇᾶθῗοῃζ
616 3473 977 3546 Hannibalis,
1014 3480 1073 3532 et
1105 3480 1171 3531 ut
1203 3473 1392 3551 primo
1437 3493 1665 3551 quoque
1698 3480 1958 3553 tempore
2000 3475 2112 3534 col·
2130 3482 2204 3534 20

169 3544 503 3651 ξςὲῦῖᾆιῗθῃςζθ
526 3602 574 3640 at
614 3572 773 3648 legae‘
792 3573 970 3629 ferret
1002 3571 1294 3640 auxilium,
1331 3570 1522 3626 missae
1561 3571 1880 3630 traduntur.
1966 3571 2112 3629 Mul-

169 3665 349 3712 Trebia.
617 3669 695 3727 tis
736 3666 905 3726 simul
940 3667 1141 3724 anxius
1182 3665 1332 3723 curis
1373 3666 1684 3724 exercitum
1728 3667 2016 3745 extemplo
2049 3669 2110 3723 in

172 3788 342 3828 naves
370 3765 713 3846 impositum
742 3763 1076 3822 Ariminum
1103 3761 1249 3820 mari
1285 3781 1492 3839 supero
1525 3763 1703 3835 misit,
1735 3763 1912 3822 Sexto
1939 3763 2112 3819 Pom-
