2459 3967
254 192 403 250 ΟΜ».
428 187 625 268 XVI]
826 209 902 246 AB
946 209 1101 248 cmm
1146 209 1412 248 conum-A
1456 209 1632 249 unm.
2065 191 2192 252 245

253 371 437 430 prope
468 351 659 430 ipsum
695 371 823 408 cum
856 351 1193 427 fatigat-ione
1228 371 1503 430 equorum
1541 359 1712 430 atque
1740 352 2042 409 hominum
2073 369 2196 428 per-

252 450 499 508 trahere.
584 449 729 506 Inde
762 449 1049 520 Gai-thale,
1086 468 1262 526 penes
1296 469 1466 526 quem
1509 469 1734 508 summa
1773 450 2050 527 equestris
2091 449 2196 506 im·
2215 454 2286 508 30

250 548 402 624 perii
431 553 569 618 erat,
594 546 895 604 concitatis
927 547 1090 623 equis
1118 546 1392 619 invectus,
1423 566 1572 619 cum,
1596 548 1930 626 priusquam
1962 547 2038 606 ad
2063 565 2195 604 con-

249 643 476 720 jectum
517 643 621 701 teli
656 643 892 715 veniret,
928 643 1223 702 avertisset
1263 643 1475 716 hostes,
1513 645 1764 722 quinque
1805 645 1988 703 ferme
2035 644 2195 702 milia

250 740 581 798 continenti
608 759 777 798 cursu
805 745 1032 798 secutus
1058 746 1147 798 est
1172 740 1478 818 fugientes.
1551 740 1866 814 Mancinus,
1886 747 2192 818 postquam

250 856 361 895 nee
393 837 625 895 hostem
657 836 930 896 desistere
970 837 1135 915 sequi
1174 856 1280 895 nec
1321 857 1483 915 spem
1516 837 1664 895 vidit
1697 837 2010 915 effugiendi
2054 857 2190 909 esse,

142 959 149 964 ·
250 934 592 994 cohortatus
624 955 775 1007 suos,
798 935 859 992 in
888 935 1157 1012 proelium
1184 934 1358 993 rediit
1385 935 1544 992 omni
1573 941 1732 1011 parte
1754 925 1961 992 itit-ium
1988 935 2188 1012 impar.
2212 945 2288 996 35

253 1031 460 1110 Itaque
493 1032 617 1109 ipse
659 1039 719 1091 et
751 1032 957 1090 delecti
988 1032 1250 1110 equitum
1283 1031 1658 1090 circumventi
1692 1031 2064 1105 occiduntur3
2107 1051 2196 1090 ce-

249 1129 362 1186 teri
390 1129 577 1188 effuso
606 1149 799 1187 rursus
828 1148 995 1187 cursu
1023 1128 1190 1188 Cales
1217 1129 1487 1207 primum,
1511 1129 1648 1187 inde
1675 1147 1856 1207 prope
1883 1129 2054 1188 inviis
2084 1129 2194 1187 cal-

249 1225 404 1283 libus
434 1225 509 1283 ad
538 1226 877 1284 dictatorem
905 1227 1301 1304 perfugerant.

332 1323 423 1380 Eo
464 1323 619 1381 forte
660 1324 753 1382 die
796 1323 1083 1381 Minucius
1124 1343 1184 1381 se
1226 1323 1606 1402 conjunxerat
1640 1323 1837 1397 Fabio,
1867 1325 2076 1384 missus
2117 1325 2192 1383 ad

250 1418 604 1478 firmandum
637 1421 909 1498 praesidio
944 1420 1169 1492 saltum,
1202 1422 1303 1498 qui
1337 1440 1508 1499 super
1539 1421 1921 1496 Tarracinam,
1946 1423 2008 1480 in
2041 1430 2190 1481 artas
2209 1426 2285 1478 40

252 1525 487 1576 coactus
515 1518 726 1590 fauces,
751 1517 1017 1575 imminet
1044 1518 1205 1590 mari,
1233 1535 1305 1576 ne
1334 1518 1404 1576 ab
1435 1517 1705 1577 Sinuessa
1730 1519 1948 1578 Poenus
1975 1521 2190 1598 Appiae

251 1615 438 1673 limite
479 1612 775 1693 pervenire
819 1615 880 1673 in
925 1633 1126 1692 agrum
1166 1614 1494 1673 Romanum
1536 1623 1746 1694 posset.
1847 1614 2192 1695 Conjunctis

253 1711 599 1770 exercitibus
628 1712 876 1770 dictator
903 1731 968 1770 ac
996 1712 1273 1789 magister
1305 1713 1566 1790 equitum
1600 1719 1784 1771 castra
1816 1713 1877 1769 in
1911 1714 2063 1771 viam
2097 1714 2191 1772 de-

250 1809 466 1880 ferunt,
493 1827 607 1886 qua
634 1808 925 1866 Hannibal
953 1808 1232 1867 ducturus
1261 1815 1395 1866 erat.
1480 1807 1617 1868 Duo
1645 1808 1781 1866 inde
1808 1808 1968 1866 milia
1994 1808 2190 1867 hostes

250 1907 505 1965 aberant.
1156 1963 1163 1971 ,
2206 1904 2282 1956 45

1133 1985 1302 2046 XVI.

314 2114 540 2156 conision
578 2115 655 2156 be-
768 2102 1011 2161 Postero
1040 2101 1133 2160 die
1155 2101 1343 2174 Poeni,
1365 2101 1522 2179 quod
1543 2101 1652 2160 viae
1682 2100 1832 2160 inter
1849 2100 1988 2160 bina
2007 2109 2190 2161 castra

250 2179 523 2296 ξζξὲζίζξξ
552 2178 658 2284 (Ξῖζ
698 2207 835 2272 erat,
872 2201 1100 2278 agmine
1142 2198 1514 2276 complevere.
1599 2197 1749 2257 Cum
1792 2198 2041 2257 Romani
2083 2200 2190 2258 sub

248 2309 536 2359 Romans,
574 2308 659 2350 but
698 2296 825 2373 ipso
875 2296 1268 2354 constitissent
1315 2294 1482 2367 va110,
1517 2295 1674 2354 haud
1715 2296 1888 2354 dubie
1938 2297 2188 2375 aequiore

250 2375 367 2484 {⁷¹3¹
382 2374 658 2483 ξὲεῗῖῗῖ
696 2392 841 2464 1000,
878 2393 1148 2450 successit
1201 2398 1395 2449 tamen
1445 2391 1662 2450 Poenus
1716 2412 1849 2450 cum
1905 2394 2188 2472 expeditis

248 2453 486 2550 §annibal
513 2508 657 2549 hem·
697 2488 991 2566 peditibus
1018 2488 1436 2566 equitibusque.
1513 2489 1610 2547 Ad
1639 2490 2030 2548 lacessendum
2058 2490 2188 2550 hos·
2247 2499 2281 2550 5

248 2576 379 2617 ”¹⁰⁶
408 2575 657 2685 131-ξῖ
696 2593 816 2643 tem
850 2586 1092 2663 carptim
1121 2585 1291 2643 Poeni
1327 2592 1384 2643 et
1415 2587 1802 2662 procursando
1836 2586 2190 2665 recipiendo-

248 2653 655 2753 {ffiswnztraia-
697 2701 807 2760 que
858 2701 1195 2760 pugnavere.
1293 2681 1530 2740 Restitit
1585 2703 1689 2741 suo
1743 2684 1872 2741 loco
1925 2683 2190 2742 Romana

249 2788 355 2830 gem
368 2777 505 2820 “¹¹¹0
518 2787 653 2818 oxon.
698 2780 863 2838 acies.
954 2780 1137 2837 Lenta
1183 2798 1380 2857 pugna
1427 2785 1486 2836 et
1539 2799 1609 2836 ex
1657 2779 1956 2837 dictatoris
2003 2780 2188 2857 magis

252 2896 427 2954 quam
457 2876 801 2934 Hannibalis
835 2876 953 2934 fuit
985 2877 1296 2934 voluntate.
1382 2874 1636 2933 Ducenti
1671 2875 1743 2932 ab
1776 2875 2070 2947 RomaniS,
2097 2896 2188 2933 oc-

250 2975 505 3052 fingenti
537 2974 795 3032 hostium
830 2974 1097 3032 cecidere.
1183 2972 1444 3031 Inclusus
1488 2971 1621 3029 inde
1658 2971 1839 3029 videri
1874 2971 2182 3045 Hannibal,
2208 2977 2283 3030 10

251 3073 345 3132 via
365 3073 442 3130 ad
461 3070 780 3130 Casilinum
810 3071 1066 3144 obsessa3
1102 3090 1236 3130 cum
1258 3069 1457 3147 Capua
1477 3076 1536 3126 et
1557 3067 1855 3126 Samnium
1879 3075 1937 3126 et
1957 3074 2184 3126 tantum

253 3170 325 3228 ab
353 3177 519 3248 tergo
550 3170 796 3228 divitum
824 3169 1109 3228 sociorum
1139 3168 1418 3228 Romanis
1447 3172 1802 3225 commeatus
1829 3165 2184 3240 subveheret,

252 3266 471 3326 Poenus
499 3268 650 3326 inter
670 3267 975 3326 Formiana
1002 3287 1136 3326 saxa
1162 3287 1227 3326 ac
1251 3266 1470 3325 Literni
1498 3284 1694 3324 arenas
1723 3271 2036 3343 stagnaque
2064 3284 2189 3343 per-

253 3365 487 3424 horrida
534 3365 649 3423 situ
689 3364 1092 3423 hibernaturus
1134 3372 1298 3423 esset.
1383 3363 1442 3421 N
1443 3383 1506 3422 ec
1546 3361 1934 3422 Hannibalem
1975 3363 2188 3422 fefellit

254 3464 370 3521 suis
400 3483 459 3521 se
488 3463 705 3521 artibus
732 3462 887 3540 peti:
930 3462 1125 3539 itaque
1158 3481 1292 3519 cum
1318 3481 1421 3539 per
1447 3459 1766 3520 Casilinum
1799 3461 2036 3520 evadere
2069 3480 2187 3519 non
2209 3462 2280 3515 15

250 3566 465 3639 posset,
489 3559 837 3637 petendique
875 3565 1102 3615 montes
1140 3564 1199 3615 et
1230 3557 1435 3634 jugum
1471 3557 1762 3616 Calliculae
1801 3557 2187 3636 superandum

253 3663 417 3729 esset,
449 3655 657 3714 necubi
689 3654 990 3713 Romanus
1023 3652 1308 3710 inclusum
1343 3652 1584 3711 vallibus
1617 3673 1822 3732 agmen
1857 3652 2188 3729 adgredere-

252 3759 365 3822 tur,
403 3751 719 3810 ludibrium
769 3749 1082 3820 oculorum,
1124 3748 1313 3825 specie
1361 3747 1629 3818 terribile,
1669 3749 1744 3807 ad
1790 3745 2172 3804 frustrandumr
