2459 3967
320 213 449 276 254
1142 229 1258 268 'rm
1301 229 1426 269 uvi
1871 206 2022 286 [Lm.
2045 211 2264 272 XXII.

398 372 691 431 Hannibal
718 391 825 449 pro
851 370 1123 430 Gereonii
1148 371 1454 443 moenibus,
1477 370 1644 448 cujus
1671 371 1844 444 urbis,
1865 378 2051 449 captae
2081 380 2272 452 atque

318 469 565 526 incensae
600 469 672 526 ab
701 488 777 541 sc,
801 469 861 526 in
891 488 1058 528 usum
1084 467 1421 528 horreorum
1451 487 1635 545 pauca
1666 467 1972 545 reliquerat
1999 476 2174 541 tecta,
2201 470 2269 526 in
2434 529 2435 532 ,

320 566 543 624 stativis
575 573 711 624 erat.
796 565 940 624 Inde
966 566 1388 624 frumentatum
1422 565 1564 623 duas
1591 566 1872 624 exercitus
1899 573 2094 643 partes
2127 568 2271 626 mit-
2290 573 2364 624 30

318 662 515 734 tebat3
560 681 693 721 cum
729 663 901 722 tertia
932 663 1055 740 ipse
1094 663 1364 741 expedita
1399 663 1462 720 in
1495 662 1743 721 statione
1771 670 1908 735 erat,
1939 663 2114 720 simul
2145 684 2272 722 cas-
2434 665 2435 668 ’

320 759 423 818 tris
450 761 723 838 praesidio
754 768 813 819 et
840 761 1321 838 circumspectans
1349 759 1606 820 necunde
1634 760 1888 837 impetus
1912 761 1976 818 in
2001 761 2270 820 frumen·
2433 729 2435 858 Ξ

320 863 535 916 tatores
561 856 737 916 fieret.
2433 865 2435 936 ᾗ

1164 937 1394 998 XXIV.

358 1065 599 1114 Minucius,
614 1065 719 1106 who
839 1051 1135 1110 Romanus
1182 1058 1322 1110 tunc
1371 1052 1654 1110 exercitus
1701 1052 1763 1109 in
1811 1071 1950 1130 agro
1999 1051 2266 1110 Larinati

319 1131 721 1249 ξὲῗῃῗεῗῃξηέζ
762 1154 897 1206 erat.
983 1147 1238 1206 Praeerat
1292 1147 1580 1205 Minucius
1639 1148 1912 1226 magister
1971 1149 2261 1226 equitum,

318 1263 505 1303 Fabiu
522 1272 557 1311 ει,
580 1261 721 1303 forms
762 1244 1043 1321 profect0‚
1068 1245 1217 1302 sicut
1251 1251 1384 1302 ante
1418 1245 1640 1303 dictum
1675 1252 1777 1317 est,
1801 1245 1876 1302 ad
1908 1244 2111 1303 urbem
2141 1246 2265 1304 dic-

318 1325 722 1433 ξῖὲῗξξῃξὲῖζῖ
760 1345 961 1398 tatore.
1045 1341 1317 1398 Ceterum
1347 1348 1546 1414 castra,
1568 1360 1696 1418 quae
1725 1341 1787 1398 in
1813 1348 2014 1399 monte
2043 1341 2161 1400 alto
2191 1361 2262 1400 ac

319 1458 364 1500 n
384 1469 409 1498 a
429 1458 721 1500 unibat..
760 1443 891 1495 tuto
925 1438 1053 1496 loco
1086 1439 1278 1515 posita
1310 1439 1556 1511 fuerant,
1580 1438 1700 1516 jam
1733 1439 1794 1496 in
1827 1439 2262 1516 planum-defe-
2319 1443 2356 1494 5

318 1526 650 1633 afflggsrsspfffss
668 1526 722 1567 ⁰¹
762 1541 994 1606 runtur3
1028 1534 1506 1613 agitabanturque
1534 1554 1639 1613 pro
1667 1535 1901 1612 ingenio
1930 1535 2094 1593 ducis
2123 1555 2262 1594 con-

318 1603 497 1700 atienae
514 1602 721 1712 groupg‘ffi
762 1629 889 1688 silia
916 1630 1203 1703 calidiora,
1224 1638 1292 1690 ut
1319 1632 1572 1709 impetus
1599 1638 1699 1689 aut
1719 1633 1780 1688 in
1807 1632 2262 1690 frumentatores

319 1728 369 1768 ¹⁵⁰
390 1727 550 1768 Rome.
764 1727 989 1805 palatos
1021 1735 1121 1785 aut
1148 1728 1209 1784 in
1239 1735 1423 1786 castra
1455 1729 1650 1786 relicta
1682 1748 1813 1786 cum
1841 1728 1952 1786 levi
1982 1727 2259 1805 praesidio

318 1823 495 1884 fieret.
580 1825 705 1883 Nec
748 1824 1136 1883 Hannibalem
1179 1825 1394 1884 fefellit
1441 1845 1572 1884 cum
1620 1826 1766 1884 duce
1806 1832 2088 1884 mutatam
2131 1845 2259 1884 esse

318 1923 455 1982 belli
488 1923 787 1994 rationem,
820 1929 878 1981 et
910 1923 1161 1982 ferocius
1195 1942 1368 2000 quam
1401 1923 1718 1982 consultius
1750 1943 1870 1981 rem
1903 1923 2099 1980 hostes
2129 1942 2258 2000 ges-
2275 1927 2356 1978 10

318 2025 495 2079 turos.
580 2020 711 2098 Ipse
740 2027 933 2101 autem
966 2015 1147 2098 (quod
1177 2020 1416 2078 minime
1445 2020 1573 2098 quis
1599 2017 1878 2096 crederet)
1909 2039 2041 2078 cum
2069 2019 2257 2078 hostis

318 2118 557 2196 propius
586 2125 749 2190 esset,
772 2118 1004 2176 tertiam
1032 2123 1256 2195 partem
1289 2117 1542 2174 militum
1570 2117 2004 2189 frumentatum,
2030 2116 2256 2174 duabus

318 2215 381 2271 in
415 2215 615 2273 castris
646 2215 900 2287 retentiS,
925 2215 1147 2272 dimisit
1170 2233 1184 2287 3
1228 2213 1362 2272 dein
1393 2221 1576 2272 castra
1602 2215 1730 2292 ipsa
1755 2215 1991 2292 propius
2023 2215 2254 2272 hostem
2429 2199 2436 2360 1

319 2311 519 2381 movit,
550 2310 667 2368 duo
700 2312 883 2369 ferme
916 2330 951 2367 a
987 2311 1274 2370 Gereonio
1311 2310 1474 2369 milia
1504 2312 1565 2368 in
1598 2311 1888 2368 tumulum
1921 2310 2079 2368 hosti
2121 2330 2256 2368 con-

322 2413 599 2483 spectum,
631 2414 698 2465 ut
738 2409 1027 2466 intentum
1069 2408 1239 2467 sciret
1279 2427 1400 2466 esse
1441 2408 1516 2466 ad
1555 2408 2016 2480 frumentatoreS,
2049 2407 2098 2464 si
2139 2427 2254 2485 qua
2273 2411 2353 2464 15
2434 2417 2435 2428 ¹

323 2502 407 2560 vis
440 2502 616 2574 fieret,
640 2505 928 2561 tutandos,
1014 2505 1262 2583 Propior
1293 2504 1430 2563 inde
1467 2505 1520 2563 ei
1557 2511 1729 2582 atque
1765 2505 1908 2583 ipsis
1943 2505 2252 2562 imminens

321 2600 715 2658 Romanorum
764 2601 961 2658 castris
1008 2603 1265 2660 tumulus
1313 2603 1616 2680 apparuit3
1673 2603 1748 2660 ad
1803 2621 1970 2680 quem
2030 2602 2253 2680 capien-

322 2697 463 2754 dum
503 2697 550 2754 si
584 2697 709 2756 luce
750 2697 939 2775 palam
978 2698 1171 2772 iretur,
1203 2698 1339 2777 quia
1370 2699 1526 2757 haud
1567 2699 1741 2757 dubie
1774 2699 1958 2757 hostis
1994 2697 2252 2756 breviore
2433 2677 2435 2784 Χ

322 2794 415 2852 via
447 2801 843 2872 praeventurus
884 2802 1020 2868 erat,
1050 2804 1221 2854 nocte
1263 2795 1408 2854 clam
1451 2795 1614 2853 missi
1645 2796 1704 2853 N
1706 2796 1918 2854 umidae
1961 2803 2249 2873 ceperunt.
2433 2785 2435 2830 ⁴

324 2890 485 2962 Quos
517 2897 778 2950 tenentes
809 2891 1001 2950 locum
1035 2899 1372 2969 contempta
1403 2893 1708 2969 paucitate,
1741 2893 1989 2950 Romani
2021 2899 2249 2970 postero
2269 2899 2350 2952 20
2433 2947 2436 2970 ,

322 2989 416 3047 die
443 3008 575 3047 cum
603 2987 961 3066 dejecissent,
982 2989 1095 3066 ipsi
1123 3008 1191 3047 eo
1218 2990 1574 3048 transferunt
1601 2995 1798 3048 castra.
1874 2989 2022 3048 Tum
2053 2991 2252 3068 utique

321 3085 595 3162 exiguum
625 3085 797 3163 spatii
825 3086 1035 3144 vallum
1065 3105 1100 3142 a
1126 3085 1275 3144 vallo
1304 3085 1516 3156 aberat,
1533 3092 1592 3144 et
1619 3086 1682 3144 id
1709 3087 1900 3162 ipsum
1921 3092 2048 3144 tota
2073 3106 2251 3163 prope

322 3183 707 3260 compleverat
725 3183 990 3241 Romana
1016 3183 1180 3255 acieS,
1198 3182 1367 3240 simul
1397 3190 1455 3241 et
1480 3203 1584 3262 per
1611 3202 1805 3241 aversa
1831 3189 2014 3240 castra
2041 3183 2253 3260 equita-

321 3285 417 3334 tus
444 3298 575 3335 cum
604 3279 715 3336 levi
742 3285 1027 3337 armatura
1060 3279 1303 3338 emissus
1335 3280 1394 3337 in
1425 3280 1867 3338 frumentatores
1895 3279 2008 3337 late
2037 3281 2251 3338 caedem

323 3372 639 3448 fugamque
665 3374 921 3433 hostium
950 3376 1273 3452 palatorum
1303 3377 1460 3434 fecit.
1545 3376 1604 3433 N
1605 3395 1667 3434 ec
1701 3376 1822 3434 acie
1855 3382 2071 3434 certare
2099 3376 2252 3434 Han-
2269 3384 2344 3435 25

324 3462 480 3519 nibal
513 3483 697 3537 ausus„
730 3470 865 3544 quia
895 3478 1058 3528 tanta
1090 3471 1378 3548 paucitate
1412 3472 1508 3528 vix
1541 3479 1741 3543 castra,
1774 3472 1821 3528 si
1857 3491 2252 3550 oppugnaren-

324 3560 437 3624 tur,
472 3559 647 3614 tutari
687 3569 927 3634 poterat.
1026 3566 1274 3644 Jamque
1314 3567 1532 3626 artibus
1573 3567 1735 3625 Fabii
1779 3563 1934 3646 (pars
1975 3571 2252 3628 exercitus

326 3645 546 3724 aberat)
574 3649 693 3724 jam
722 3654 903 3714 ferme
935 3661 1186 3719 sedendo
1216 3669 1276 3720 et
1303 3662 1628 3721 cunctando
1655 3663 1872 3722 bellum
1899 3665 2151 3742 gerebat,
2173 3687 2253 3725 re-

329 3748 667 3818 ceperatque
694 3764 825 3804 suos
856 3751 917 3807 in
946 3754 1137 3829 priora
1162 3765 1360 3831 castra,
1378 3778 1506 3836 quae
1533 3778 1640 3836 pro
1667 3759 1937 3818 Gereonii
1965 3763 2252 3822 moenibus
