2459 3967
227 587 234 595 ·
323 568 598 645 equitum,
629 588 762 625 cum
800 568 1058 627 hostium
1102 570 1249 627 duce
1286 569 1555 647 proelium
1596 570 1745 644 iniit,
1776 580 1843 630 ut
1884 579 1943 630 et
1983 593 2104 631 uno
2144 576 2267 633 ictu

324 211 452 274 114
1146 234 1266 273 ’τιτι
1310 233 1435 273 mvr
2000 212 2155 293 [Lm.
2186 218 2262 277 ΙΙ.

322 374 700 450 conspicatus,
731 374 992 453 interque
1034 395 1133 434 eos
1181 376 1469 452 insignem
1518 383 1675 435 veste
1723 379 2009 455 armisque
2060 378 2267 436 Mami-

323 471 464 528 lium
499 471 805 543 noscitans,
836 478 1000 530 tanto
1035 474 1094 529 vi
1129 473 1365 549 majore,
1398 492 1572 551 quam
1610 474 1782 550 paulo
1822 482 1955 533 ante
1988 477 2267 553 magister
2289 488 2369 538 25
2449 474 2450 477 '

321 663 657 723 transfixum
686 684 790 742 per
816 665 965 723 latus
999 667 1273 725 occiderit
1301 667 1640 740 Mamilium,
1665 675 1724 726 et
1752 670 1875 748 ipse
1909 670 2061 729 inter
2094 673 2268 749 spoli-

321 762 538 820 andum
572 782 778 839 corpus
811 762 995 821 hostis
1028 770 1228 823 veruto
1262 784 1579 841 percussus,
1604 784 1733 824 cum
1766 767 1952 825 victor
1984 768 2046 825 in
2079 776 2267 827 castra

322 866 470 917 esset
508 858 735 931 relatuS,
766 859 916 917 inter
952 860 1200 937 primam
1243 860 1597 919 curationem
1640 863 2024 940 exspiraverit,
2109 864 2264 923 Tum

323 957 400 1014 ad
433 957 658 1035 equites
691 956 939 1016 dictator
971 957 1217 1030 advolat,
1251 957 1560 1031 obtestans,
1592 967 1674 1033 ut,
1705 961 1859 1019 fesso
1891 961 2012 1037 jam
2044 962 2259 1039 pedite,
2288 968 2370 1021 30

323 1054 674 1112 descendant
702 1073 772 1113 ex
801 1054 978 1132 equis,
1004 1061 1063 1112 et
1089 1073 1347 1133 pugnam
1380 1064 1693 1133 capessant.
1778 1056 1956 1116 Dicto
1984 1078 2222 1135 paruere
2245 1078 2261 1117 ε

324 1151 597 1209 desiliunt
625 1172 693 1209 ex
727 1152 905 1230 equis,
929 1151 1233 1229 provolant
1260 1152 1321 1210 in
1350 1152 1621 1231 primum,
1646 1160 1705 1211 et
1731 1174 1839 1231 pro
1870 1156 2265 1233 antesignanis

323 1266 549 1323 parmas
611 1246 910 1323 objiciunt.
1027 1246 1259 1325 Recipit
1316 1248 1607 1326 extemplo
1662 1250 1919 1307 animum
1979 1252 2265 1329 pedestris
2448 1312 2450 1315 Α

324 1344 488 1415 aeica
520 1322 828 1420 postquam
861 1343 1180 1421 juventutis
1213 1364 1492 1424 proceres,
1526 1353 1754 1425 aequato
1786 1367 1995 1425 genere
2026 1368 2260 1427 pugg-naa,

325 1459 526 1498 secum·
545 1446 768 1517 partem
802 1440 1042 1516 periculi
1077 1442 1425 1500 sustinentes
1456 1443 1618 1502 vidit.
1702 1444 1853 1501 Tum
1887 1445 2123 1503 demum
2157 1447 2265 1504 im·
2287 1451 2365 1503 35

323 1538 474 1615 pulsi
523 1536 716 1595 Latini
761 1537 1132 1616 perculsaque
1187 1539 1485 1598 inclinavit
1532 1540 1695 1599 acies.
1781 1541 1982 1618 Equiti
2038 1543 2265 1601 admoti

325 1636 475 1713 equi,
499 1643 565 1694 ut
597 1636 864 1714 persequi
896 1635 1124 1694 hostem
1158 1644 1368 1713 posset.
1455 1636 1664 1695 Secuta
1696 1644 1755 1697 et
1781 1639 2060 1715 pedestris
2094 1640 2260 1698 acies.

325 1734 431 1807 Ibi,
456 1733 601 1791 nihil
634 1753 738 1791 nec
776 1734 989 1792 divinae
1029 1753 1136 1793 nec
1173 1733 1443 1791 humanae
1482 1735 1609 1811 opis
1644 1735 1891 1794 dictator
1922 1738 2266 1813 praetermit-

324 1839 468 1905 tens,
507 1832 692 1890 aedem
741 1830 969 1889 Castori
1017 1832 1239 1889 vovisse
1286 1832 1487 1903 fertur,
1528 1850 1593 1889 ac
1641 1833 2039 1908 pronuntiasse
2088 1834 2263 1891 militi
2448 1786 2450 1865 i

325 1930 580 2007 praemia,
607 1928 707 2006 qui
740 1928 976 2006 primus,
1002 1927 1101 2005 qui
1137 1926 1419 1985 secundus
1452 1934 1635 1987 castra
1665 1927 1921 1985 hostium
1955 1929 2259 1988 intrasset:
2282 1932 2357 1983 40
2448 1934 2450 1947 ¹

324 2033 633 2104 tantusque
661 2024 832 2083 ardor
856 2023 987 2096 fuit,
1007 2030 1072 2081 ut
1101 2023 1303 2081 eodem
1333 2024 1572 2101 impetu,
1598 2043 1713 2101 quo
1741 2024 2011 2083 fuderant
2030 2024 2260 2083 hostem
2449 2018 2450 2021 ¹

325 2124 591 2195 Romani,
628 2128 812 2182 castra
853 2128 1134 2198 caperent.
1219 2120 1353 2179 Hoc
1394 2122 1571 2179 modo
1620 2121 1695 2179 ad
1733 2120 1921 2179 lacum
1969 2122 2263 2199 Regillum

325 2227 648 2296 pugnatum
677 2226 779 2276 est.
865 2218 1134 2277 Dictator
1165 2223 1224 2276 et
1251 2218 1525 2297 magister
1550 2219 1811 2296 equitum
1838 2219 2265 2297 triumphantes

327 2317 388 2374 in
416 2315 618 2373 urbem
645 2314 876 2373 rediere.

2448 2124 2450 2163 A

1207 2495 1377 2555 XXL
2429 2488 2451 2641 fl

355 2622 657 2675 uncertainty
677 2621 732 2663 or
850 2607 1122 2667 Triennio
1161 2608 1372 2669 deinde
1412 2628 1518 2668 nec
1560 2617 1713 2669 certa
1754 2630 1865 2689 pax
1903 2630 2007 2669 nec
2042 2611 2260 2671 bellum
2412 2650 2445 2675 r

327 2690 728 2809 ssffiffifflffigessg
769 2705 898 2764 fuit.
985 2706 1266 2764 Consules
1294 2706 1545 2775 Quintus
1572 2706 1809 2765 Cloelius
1844 2715 1903 2766 et
1929 2707 1993 2765 T.
2012 2707 2258 2780 LartiuS,

327 2825 497 2877 perbns
535 2824 635 2866 dies
678 2825 727 2865 at
767 2802 902 2861 inde
929 2801 1002 2862 A.
1021 2802 1397 2881 Sempronius
1425 2810 1484 2861 et
1511 2803 1589 2861 M.
1606 2803 1909 2862 Minucius,
1987 2804 2101 2861 His
2130 2826 2263 2863 con—

329 2896 494 2973 cumae.
515 2892 726 2942 -‚Great
769 2899 986 2957 sulibus
1026 2900 1178 2957 aedes
1216 2899 1465 2957 Saturno
1504 2899 1783 2972 dedicata,
1816 2900 2139 2959 Saturnalia
2179 2903 2263 2959 in-

327 2961 730 3070 ἇῖζῖὴὲζὶξᾷἳξρζᾷ
772 2997 1009 3055 stitutus
1035 2996 1218 3055 festus
1247 2996 1385 3054 dies.
1469 2985 1656 3053 Aulus
1690 2996 1896 3054 deinde
1924 2997 2262 3055 Postumius
2322 3007 2356 3057 5

329 3099 377 3137 to
409 3097 723 3146 twenty-one.
768 3099 828 3151 et
864 3092 930 3150 T.
955 3092 1271 3169 Verginius
1308 3092 1571 3151 consules
1606 3092 1765 3150 facti.
1850 3092 1983 3151 Hoc
2026 3093 2259 3151 demum

326 3161 727 3279 ffigssffyplgegif,
770 3209 920 3247 anno
985 3187 1060 3246 ad
1119 3188 1412 3266 Regillum
1472 3188 1659 3247 lacum
1721 3196 2043 3266 pugnatum
2104 3190 2262 3267 apud
2448 3250 2451 3279 ;

327 3296 471 3335 cated.
769 3285 1048 3361 quosdam
1102 3284 1373 3357 inveni03
1429 3285 1502 3342 A.
1535 3284 1919 3357 Postumium,
1962 3285 2097 3363 quia
2151 3286 2263 3344 col-

329 3380 456 3455 lega
493 3380 685 3436 dubiae
720 3379 854 3438 fidei
887 3382 1080 3453 fuerit,
1112 3401 1171 3439 se
1209 3381 1509 3439 consulatu
1542 3380 1832 3440 abdicasse
1856 3401 1869 3454 3
1920 3382 2261 3442 dictatorem
2434 3278 2450 3474 l

329 3474 463 3529 inde
519 3474 755 3530 factum.
847 3476 1021 3533 Tanti
1077 3496 1291 3535 errores
1346 3478 1646 3555 implicant
1700 3487 2046 3556 temporum,
2100 3481 2264 3539 aliter
2284 3486 2355 3539 10

271 3634 276 3639 θ
329 3567 483 3641 apud
516 3566 658 3623 alios
696 3568 972 3627 ordinatis
1007 3573 1453 3648 magistratibuS,
1485 3580 1566 3644 ut,
1597 3594 1702 3632 nec
1738 3576 1837 3651 qui
1880 3578 2140 3636 consules
2183 3598 2264 3636 se-

330 3659 581 3716 cundum
613 3660 907 3735 quosdam,
927 3683 1032 3721 nec
1061 3667 1201 3742 quid
1230 3686 1459 3745 quoque
1488 3687 1639 3726 anno
1674 3673 1865 3727 actum
1896 3673 1986 3744 sit,
2011 3674 2071 3731 in
2102 3681 2264 3732 tanta
2440 3706 2451 3829 Ι

331 3759 611 3809 vetustate
659 3772 776 3809 non
820 3774 1009 3813 rerum
1058 3760 1235 3817 modo
1286 3762 1387 3819 sed
1430 3764 1604 3820 etiam
1652 3772 1952 3837 auctorum
2005 3768 2262 3845 digerere
