<?xml version="1.0" encoding="UTF-8"?>
<!DOCTYPE html PUBLIC "-//W3C//DTD XHTML 1.0 Transitional//EN"
    "http://www.w3.org/TR/xhtml1/DTD/xhtml1-transitional.dtd">
<html xmlns="http://www.w3.org/1999/xhtml" xml:lang="en" lang="en">
 <head>
  <title>
</title>
<meta http-equiv="Content-Type" content="text/html;charset=utf-8" />
  <meta name='ocr-system' content='tesseract 3.04.00' />
  <meta name='ocr-capabilities' content='ocr_page ocr_carea ocr_par ocr_line ocrx_word'/>
</head>
<body>
  <div class='ocr_page' id='page_1' title='image "./titiliviaburbec10livygoog_0268.png"; bbox 0 0 2459 3967; ppageno 0'>
   <div class='ocr_carea' id='block_1_1' title="bbox 310 167 2258 247">
    <p class='ocr_par' dir='ltr' id='par_1_1' title="bbox 310 167 2258 247">
     <span class='ocr_line' id='line_1_1' title="bbox 310 167 2258 247; baseline -0.005 -5"><span class='ocrx_word' id='word_1_1' title='bbox 310 178 438 242; x_wconf 81' lang='lat'><strong>264</strong></span> <span class='ocrx_word' id='word_1_2' title='bbox 1129 194 1245 233; x_wconf 73' lang='lat' dir='ltr'><strong>‘rm</strong></span> <span class='ocrx_word' id='word_1_3' title='bbox 1289 194 1413 232; x_wconf 77' lang='lat' dir='ltr'><strong>mvl</strong></span> <span class='ocrx_word' id='word_1_4' title='bbox 1869 167 2020 247; x_wconf 78' lang='lat' dir='ltr'><strong>[Lus.</strong></span> <span class='ocrx_word' id='word_1_5' title='bbox 2041 173 2258 233; x_wconf 84' lang='lat' dir='ltr'>XXII.</span> 
     </span>
    </p>
   </div>
   <div class='ocr_carea' id='block_1_2' title="bbox 1129 415 1420 475">
    <p class='ocr_par' dir='ltr' id='par_1_2' title="bbox 1129 415 1420 475">
     <span class='ocr_line' id='line_1_2' title="bbox 1129 415 1420 475; baseline 0.003 -2"><span class='ocrx_word' id='word_1_6' title='bbox 1129 415 1420 475; x_wconf 91' lang='lat' dir='ltr'><strong>XXXIII.</strong></span> 
     </span>
    </p>
   </div>
   <div class='ocr_carea' id='block_1_3' title="bbox 310 528 2435 3518">
    <p class='ocr_par' dir='ltr' id='par_1_3' title="bbox 310 528 2435 2625">
     <span class='ocr_line' id='line_1_3' title="bbox 358 528 2262 612; baseline -0.002 -23"><span class='ocrx_word' id='word_1_7' title='bbox 358 562 403 603; x_wconf 76' lang='lat' dir='ltr'>A</span> <span class='ocrx_word' id='word_1_8' title='bbox 442 561 711 612; x_wconf 71' lang='lat' dir='ltr'><strong>carthagin·</strong></span> <span class='ocrx_word' id='word_1_9' title='bbox 834 532 948 589; x_wconf 87' lang='lat' dir='ltr'><strong>Per</strong></span> <span class='ocrx_word' id='word_1_10' title='bbox 990 530 1225 590; x_wconf 82' lang='lat' dir='ltr'><strong>eosdem</strong></span> <span class='ocrx_word' id='word_1_11' title='bbox 1275 530 1399 588; x_wconf 83' lang='lat' dir='ltr'><strong>dies</strong></span> <span class='ocrx_word' id='word_1_12' title='bbox 1443 530 1769 606; x_wconf 81' lang='lat' dir='ltr'>speculator</span> <span class='ocrx_word' id='word_1_13' title='bbox 1813 528 2262 607; x_wconf 78' lang='lat' dir='ltr'><strong>Carthaginien-</strong></span> 
     </span>
     <span class='ocr_line' id='line_1_4' title="bbox 310 625 2262 706; baseline -0.001 -20"><span class='ocrx_word' id='word_1_14' title='bbox 310 628 387 671; x_wconf 58' lang='grc' dir='ltr'><strong>ἴω</strong></span> <span class='ocrx_word' id='word_1_15' title='bbox 405 638 490 680; x_wconf 74' lang='lat'><strong>⁸1²5</strong></span> <span class='ocrx_word' id='word_1_16' title='bbox 508 626 710 704; x_wconf 61' lang='grc' dir='ltr'><strong>Ψθδῑθᾶ</strong></span> <span class='ocrx_word' id='word_1_17' title='bbox 752 629 845 701; x_wconf 85' lang='lat' dir='ltr'><strong>sis,</strong></span> <span class='ocrx_word' id='word_1_18' title='bbox 871 628 970 706; x_wconf 90' lang='lat' dir='ltr'><strong>qui</strong></span> <span class='ocrx_word' id='word_1_19' title='bbox 998 647 1099 706; x_wconf 88' lang='lat' dir='ltr'><strong>per</strong></span> <span class='ocrx_word' id='word_1_20' title='bbox 1125 627 1426 686; x_wconf 85' lang='lat' dir='ltr'><strong>biennium</strong></span> <span class='ocrx_word' id='word_1_21' title='bbox 1452 626 1754 698; x_wconf 76' lang='lat' dir='ltr'><strong>fefellerat,</strong></span> <span class='ocrx_word' id='word_1_22' title='bbox 1775 625 1981 683; x_wconf 85' lang='lat' dir='ltr'><strong>Romae</strong></span> <span class='ocrx_word' id='word_1_23' title='bbox 2012 625 2262 703; x_wconf 88' lang='lat' dir='ltr'><strong>depren-</strong></span> 
     </span>
     <span class='ocr_line' id='line_1_5' title="bbox 310 693 2260 813; baseline -0.001 -30"><span class='ocrx_word' id='word_1_24' title='bbox 310 693 713 813; x_wconf 40' lang='lat' dir='ltr'><strong>3223&amp;ssssssss</strong></span> <span class='ocrx_word' id='word_1_25' title='bbox 754 745 849 784; x_wconf 83' lang='lat' dir='ltr'><strong>sus</strong></span> <span class='ocrx_word' id='word_1_26' title='bbox 895 724 1264 803; x_wconf 84' lang='lat' dir='ltr'><strong>praecisisque</strong></span> <span class='ocrx_word' id='word_1_27' title='bbox 1311 723 1579 781; x_wconf 80' lang='lat' dir='ltr'><strong>manibus</strong></span> <span class='ocrx_word' id='word_1_28' title='bbox 1609 722 1935 795; x_wconf 79' lang='lat' dir='ltr'><strong>&#39;dimissus3</strong></span> <span class='ocrx_word' id='word_1_29' title='bbox 1995 730 2054 781; x_wconf 88' lang='lat' dir='ltr'><strong>et</strong></span> <span class='ocrx_word' id='word_1_30' title='bbox 2103 724 2260 782; x_wconf 90' lang='lat' dir='ltr'><strong>servi</strong></span> 
     </span>
     <span class='ocr_line' id='line_1_6' title="bbox 310 820 2257 901; baseline -0.002 -20"><span class='ocrx_word' id='word_1_31' title='bbox 310 828 615 881; x_wconf 71' lang='lat' dir='ltr'><strong>punished</strong></span> <span class='ocrx_word' id='word_1_32' title='bbox 642 828 713 870; x_wconf 82' lang='lat' dir='ltr'><strong>for</strong></span> <span class='ocrx_word' id='word_1_33' title='bbox 756 823 1009 901; x_wconf 89' lang='lat' dir='ltr'><strong>quinque</strong></span> <span class='ocrx_word' id='word_1_34' title='bbox 1056 827 1115 880; x_wconf 88' lang='lat' dir='ltr'><strong>et</strong></span> <span class='ocrx_word' id='word_1_35' title='bbox 1156 821 1367 898; x_wconf 86' lang='lat' dir='ltr'><strong>viginti</strong></span> <span class='ocrx_word' id='word_1_36' title='bbox 1415 821 1476 877; x_wconf 92' lang='lat' dir='ltr'><strong>in</strong></span> <span class='ocrx_word' id='word_1_37' title='bbox 1531 839 1758 878; x_wconf 88' lang='lat' dir='ltr'><strong>crucem</strong></span> <span class='ocrx_word' id='word_1_38' title='bbox 1809 820 1940 891; x_wconf 86' lang='lat' dir='ltr'><strong>acti,</strong></span> <span class='ocrx_word' id='word_1_39' title='bbox 1979 820 2139 898; x_wconf 88' lang='lat' dir='ltr'><strong>quod</strong></span> <span class='ocrx_word' id='word_1_40' title='bbox 2189 821 2257 877; x_wconf 90' lang='lat' dir='ltr'><strong>in</strong></span> 
     </span>
     <span class='ocr_line' id='line_1_7' title="bbox 312 895 2367 1016; baseline -0.002 -38"><span class='ocrx_word' id='word_1_41' title='bbox 312 895 511 1016; x_wconf 41' lang='grc' dir='ltr'><strong>ἓξὲξ</strong></span> <span class='ocrx_word' id='word_1_42' title='bbox 526 906 578 995; x_wconf 71' lang='lat' dir='ltr'><strong>-a</strong></span> <span class='ocrx_word' id='word_1_43' title='bbox 602 906 713 1004; x_wconf 57' lang='lat' dir='ltr'>ffi</span> <span class='ocrx_word' id='word_1_44' title='bbox 754 937 959 996; x_wconf 82' lang='lat' dir='ltr'><strong>campo</strong></span> <span class='ocrx_word' id='word_1_45' title='bbox 989 917 1199 976; x_wconf 84' lang='lat' dir='ltr'><strong>Martio</strong></span> <span class='ocrx_word' id='word_1_46' title='bbox 1228 916 1624 994; x_wconf 85' lang='lat' dir='ltr'><strong>conjurassent</strong></span> <span class='ocrx_word' id='word_1_47' title='bbox 1647 934 1660 974; x_wconf 89' lang='lat'>:</span> <span class='ocrx_word' id='word_1_48' title='bbox 1705 915 1884 974; x_wconf 84' lang='lat' dir='ltr'><strong>indici</strong></span> <span class='ocrx_word' id='word_1_49' title='bbox 1917 916 2054 974; x_wconf 82' lang='lat' dir='ltr'><strong>data</strong></span> <span class='ocrx_word' id='word_1_50' title='bbox 2085 916 2259 974; x_wconf 88' lang='lat' dir='ltr'><strong>liber·</strong></span> <span class='ocrx_word' id='word_1_51' title='bbox 2329 923 2367 974; x_wconf 87' lang='lat'><strong><em>5</em></strong></span> 
     </span>
     <span class='ocr_line' id='line_1_8' title="bbox 312 1012 2260 1090; baseline 0.001 -19"><span class='ocrx_word' id='word_1_52' title='bbox 312 1029 557 1072; x_wconf 72' lang='lat' dir='ltr'><strong>bassatium</strong></span> <span class='ocrx_word' id='word_1_53' title='bbox 608 1033 713 1071; x_wconf 74' lang='lat' dir='ltr'><strong>sent</strong></span> <span class='ocrx_word' id='word_1_54' title='bbox 754 1022 842 1073; x_wconf 86' lang='lat' dir='ltr'><strong>tas</strong></span> <span class='ocrx_word' id='word_1_55' title='bbox 894 1021 953 1072; x_wconf 91' lang='lat' dir='ltr'><strong>et</strong></span> <span class='ocrx_word' id='word_1_56' title='bbox 1003 1013 1131 1070; x_wconf 85' lang='lat' dir='ltr'><strong>aeris</strong></span> <span class='ocrx_word' id='word_1_57' title='bbox 1179 1013 1369 1090; x_wconf 82' lang='lat' dir='ltr'><strong>gravis</strong></span> <span class='ocrx_word' id='word_1_58' title='bbox 1419 1013 1627 1090; x_wconf 91' lang='lat' dir='ltr'><strong>viginti</strong></span> <span class='ocrx_word' id='word_1_59' title='bbox 1676 1013 1851 1070; x_wconf 86' lang='lat' dir='ltr'><strong>milia.</strong></span> <span class='ocrx_word' id='word_1_60' title='bbox 1937 1012 2142 1090; x_wconf 83' lang='lat' dir='ltr'><strong>Legati</strong></span> <span class='ocrx_word' id='word_1_61' title='bbox 2195 1021 2260 1072; x_wconf 90' lang='lat' dir='ltr'><strong>et</strong></span> 
     </span>
     <span class='ocr_line' id='line_1_9' title="bbox 312 1096 2258 1206; baseline 0 -38"><span class='ocrx_word' id='word_1_62' title='bbox 312 1098 483 1206; x_wconf 47' lang='grc' dir='ltr'><strong>ἓξὲξ</strong></span> <span class='ocrx_word' id='word_1_63' title='bbox 496 1096 619 1204; x_wconf 56' lang='grc' dir='ltr'><strong>ἒὶοῃξ</strong></span> <span class='ocrx_word' id='word_1_64' title='bbox 638 1096 711 1204; x_wconf 55' lang='lat' dir='ltr'><strong>g</strong></span> <span class='ocrx_word' id='word_1_65' title='bbox 756 1111 828 1168; x_wconf 88' lang='lat' dir='ltr'><strong>ad</strong></span> <span class='ocrx_word' id='word_1_66' title='bbox 859 1109 1197 1188; x_wconf 89' lang='lat' dir='ltr'>Philippum</span> <span class='ocrx_word' id='word_1_67' title='bbox 1226 1109 1609 1166; x_wconf 83' lang='lat' dir='ltr'><strong>Macedonum</strong></span> <span class='ocrx_word' id='word_1_68' title='bbox 1639 1129 1832 1186; x_wconf 88' lang='lat' dir='ltr'><strong>regem</strong></span> <span class='ocrx_word' id='word_1_69' title='bbox 1861 1110 2024 1166; x_wconf 88' lang='lat' dir='ltr'><strong>missi</strong></span> <span class='ocrx_word' id='word_1_70' title='bbox 2052 1110 2128 1168; x_wconf 86' lang='lat' dir='ltr'><strong>ad</strong></span> <span class='ocrx_word' id='word_1_71' title='bbox 2157 1111 2258 1168; x_wconf 89' lang='lat' dir='ltr'><strong>de-</strong></span> 
     </span>
     <span class='ocr_line' id='line_1_10' title="bbox 314 1205 2255 1285; baseline -0.003 -15"><span class='ocrx_word' id='word_1_72' title='bbox 314 1231 531 1271; x_wconf 74' lang='lat' dir='ltr'><strong>-Othern</strong></span> <span class='ocrx_word' id='word_1_73' title='bbox 550 1231 653 1270; x_wconf 75' lang='lat' dir='ltr'><strong>sent</strong></span> <span class='ocrx_word' id='word_1_74' title='bbox 664 1231 714 1269; x_wconf 86' lang='lat' dir='ltr'><strong>to</strong></span> <span class='ocrx_word' id='word_1_75' title='bbox 754 1206 1113 1285; x_wconf 86' lang='lat' dir='ltr'><strong>poscendum</strong></span> <span class='ocrx_word' id='word_1_76' title='bbox 1172 1205 1536 1264; x_wconf 81' lang='lat' dir='ltr'><strong>Demetrium</strong></span> <span class='ocrx_word' id='word_1_77' title='bbox 1599 1205 1893 1277; x_wconf 84' lang='lat' dir='ltr'><strong>Pharium,</strong></span> <span class='ocrx_word' id='word_1_78' title='bbox 1941 1207 2056 1284; x_wconf 88' lang='lat' dir='ltr'><strong>qui,</strong></span> <span class='ocrx_word' id='word_1_79' title='bbox 2097 1207 2255 1264; x_wconf 91' lang='lat' dir='ltr'><strong>bello</strong></span> 
     </span>
     <span class='ocr_line' id='line_1_11' title="bbox 314 1296 2256 1404; baseline 0.001 -45"><span class='ocrx_word' id='word_1_80' title='bbox 314 1296 718 1404; x_wconf 46' lang='grc' dir='ltr'><strong>Ϊὲζζωῗὲξῖξζξζ</strong></span> <span class='ocrx_word' id='word_1_81' title='bbox 757 1303 959 1374; x_wconf 83' lang='lat' dir='ltr'><strong>victus,</strong></span> <span class='ocrx_word' id='word_1_82' title='bbox 984 1302 1059 1362; x_wconf 85' lang='lat' dir='ltr'><strong>ad</strong></span> <span class='ocrx_word' id='word_1_83' title='bbox 1090 1321 1223 1360; x_wconf 89' lang='lat' dir='ltr'><strong>eum</strong></span> <span class='ocrx_word' id='word_1_84' title='bbox 1258 1302 1541 1379; x_wconf 88' lang='lat' dir='ltr'><strong>fugisset;</strong></span> <span class='ocrx_word' id='word_1_85' title='bbox 1585 1309 1644 1360; x_wconf 90' lang='lat' dir='ltr'><strong>et</strong></span> <span class='ocrx_word' id='word_1_86' title='bbox 1677 1302 1774 1360; x_wconf 83' lang='lat' dir='ltr'><strong>alii</strong></span> <span class='ocrx_word' id='word_1_87' title='bbox 1807 1303 1869 1360; x_wconf 91' lang='lat' dir='ltr'><strong>in</strong></span> <span class='ocrx_word' id='word_1_88' title='bbox 1904 1303 2142 1381; x_wconf 86' lang='lat' dir='ltr'><strong>Ligures</strong></span> <span class='ocrx_word' id='word_1_89' title='bbox 2178 1304 2256 1361; x_wconf 86' lang='lat' dir='ltr'><strong>ad</strong></span> 
     </span>
     <span class='ocr_line' id='line_1_12' title="bbox 315 1398 2433 1477; baseline -0 -20"><span class='ocrx_word' id='word_1_90' title='bbox 315 1428 475 1470; x_wconf 76' lang='lat' dir='ltr'><strong>inated</strong></span> <span class='ocrx_word' id='word_1_91' title='bbox 514 1431 563 1469; x_wconf 82' lang='lat' dir='ltr'><strong>to</strong></span> <span class='ocrx_word' id='word_1_92' title='bbox 605 1428 717 1469; x_wconf 70' lang='lat' dir='ltr'><strong>hom</strong></span> <span class='ocrx_word' id='word_1_93' title='bbox 760 1399 1258 1477; x_wconf 82' lang='lat' dir='ltr'><strong>expostulandum,</strong></span> <span class='ocrx_word' id='word_1_94' title='bbox 1285 1398 1443 1476; x_wconf 93' lang='lat' dir='ltr'><strong>quod</strong></span> <span class='ocrx_word' id='word_1_95' title='bbox 1476 1398 1726 1457; x_wconf 89' lang='lat' dir='ltr'><strong>Poenum</strong></span> <span class='ocrx_word' id='word_1_96' title='bbox 1760 1399 1969 1477; x_wconf 90' lang='lat' dir='ltr'><strong>opibus</strong></span> <span class='ocrx_word' id='word_1_97' title='bbox 2002 1400 2258 1458; x_wconf 83' lang='lat' dir='ltr'><strong>auxiliis-</strong></span> <span class='ocrx_word' id='word_1_98' title='bbox 2281 1408 2366 1460; x_wconf 90' lang='grc'><strong>10</strong></span> <span class='ocrx_word' id='word_1_99' title='bbox 2431 1412 2433 1456; x_wconf 67' lang='grc' dir='ltr'><strong>ῑ</strong></span> 
     </span>
     <span class='ocr_line' id='line_1_13' title="bbox 316 1494 2256 1574; baseline 0.002 -21"><span class='ocrx_word' id='word_1_100' title='bbox 316 1496 396 1538; x_wconf 78' lang='lat' dir='ltr'><strong>the</strong></span> <span class='ocrx_word' id='word_1_101' title='bbox 422 1494 719 1572; x_wconf 57' lang='lat' dir='ltr'><strong>consular</strong></span> <span class='ocrx_word' id='word_1_102' title='bbox 761 1516 871 1574; x_wconf 90' lang='lat' dir='ltr'><strong>que</strong></span> <span class='ocrx_word' id='word_1_103' title='bbox 900 1497 1017 1554; x_wconf 89' lang='lat' dir='ltr'><strong>suis</strong></span> <span class='ocrx_word' id='word_1_104' title='bbox 1044 1495 1358 1573; x_wconf 79' lang='lat' dir='ltr'><strong>juvissent3</strong></span> <span class='ocrx_word' id='word_1_105' title='bbox 1403 1496 1574 1553; x_wconf 89' lang='lat' dir='ltr'><strong>simul</strong></span> <span class='ocrx_word' id='word_1_106' title='bbox 1601 1497 1676 1554; x_wconf 86' lang='lat' dir='ltr'><strong>ad</strong></span> <span class='ocrx_word' id='word_1_107' title='bbox 1703 1496 2000 1555; x_wconf 87' lang='lat' dir='ltr'><strong>visendum</strong></span> <span class='ocrx_word' id='word_1_108' title='bbox 2032 1517 2102 1555; x_wconf 85' lang='lat' dir='ltr'><strong>ex</strong></span> <span class='ocrx_word' id='word_1_109' title='bbox 2121 1517 2256 1574; x_wconf 90' lang='lat' dir='ltr'><strong>pro-</strong></span> 
     </span>
     <span class='ocr_line' id='line_1_14' title="bbox 316 1562 2260 1672; baseline 0.002 -23"><span class='ocrx_word' id='word_1_110' title='bbox 316 1562 527 1606; x_wconf 54' lang='lat'>⁰¹⁶⁰⁸⁰¹¹⁶</span> <span class='ocrx_word' id='word_1_111' title='bbox 759 1594 997 1671; x_wconf 90' lang='lat' dir='ltr'><strong>pinquo,</strong></span> <span class='ocrx_word' id='word_1_112' title='bbox 1030 1612 1158 1670; x_wconf 86' lang='lat' dir='ltr'><strong>quae</strong></span> <span class='ocrx_word' id='word_1_113' title='bbox 1199 1594 1261 1649; x_wconf 91' lang='lat' dir='ltr'><strong>in</strong></span> <span class='ocrx_word' id='word_1_114' title='bbox 1299 1592 1465 1650; x_wconf 88' lang='lat' dir='ltr'><strong>Boiis</strong></span> <span class='ocrx_word' id='word_1_115' title='bbox 1507 1599 1682 1670; x_wconf 84' lang='lat' dir='ltr'><strong>atque</strong></span> <span class='ocrx_word' id='word_1_116' title='bbox 1725 1592 2064 1652; x_wconf 85' lang='lat' dir='ltr'><strong>Insubribus</strong></span> <span class='ocrx_word' id='word_1_117' title='bbox 2095 1614 2260 1672; x_wconf 90' lang='lat' dir='ltr'><strong>gere-</strong></span> 
     </span>
     <span class='ocr_line' id='line_1_15' title="bbox 318 1689 2260 1768; baseline 0.001 -20"><span class='ocrx_word' id='word_1_118' title='bbox 318 1697 530 1749; x_wconf 80' lang='lat' dir='ltr'><strong>rentur.</strong></span> <span class='ocrx_word' id='word_1_119' title='bbox 616 1691 715 1748; x_wconf 92' lang='lat' dir='ltr'><strong>Ad</strong></span> <span class='ocrx_word' id='word_1_120' title='bbox 748 1690 995 1748; x_wconf 89' lang='lat' dir='ltr'><strong>Pineum</strong></span> <span class='ocrx_word' id='word_1_121' title='bbox 1031 1709 1260 1767; x_wconf 90' lang='lat' dir='ltr'><strong>quoque</strong></span> <span class='ocrx_word' id='word_1_122' title='bbox 1293 1708 1488 1766; x_wconf 87' lang='lat' dir='ltr'><strong>regem</strong></span> <span class='ocrx_word' id='word_1_123' title='bbox 1525 1689 1586 1746; x_wconf 91' lang='lat' dir='ltr'><strong>in</strong></span> <span class='ocrx_word' id='word_1_124' title='bbox 1621 1689 1849 1766; x_wconf 83' lang='lat' dir='ltr'><strong>Illyrios</strong></span> <span class='ocrx_word' id='word_1_125' title='bbox 1881 1690 2058 1768; x_wconf 88' lang='lat' dir='ltr'><strong>legati</strong></span> <span class='ocrx_word' id='word_1_126' title='bbox 2090 1691 2260 1749; x_wconf 81' lang='lat' dir='ltr'><strong>missi</strong></span> 
     </span>
     <span class='ocr_line' id='line_1_16' title="bbox 319 1787 2433 1878; baseline 0 -30"><span class='ocrx_word' id='word_1_127' title='bbox 319 1789 395 1848; x_wconf 87' lang='lat' dir='ltr'><strong>ad</strong></span> <span class='ocrx_word' id='word_1_128' title='bbox 434 1789 804 1868; x_wconf 85' lang='lat' dir='ltr'><strong>stipendium,</strong></span> <span class='ocrx_word' id='word_1_129' title='bbox 837 1788 1001 1865; x_wconf 85' lang='lat' dir='ltr'><strong>cujus</strong></span> <span class='ocrx_word' id='word_1_130' title='bbox 1034 1788 1157 1845; x_wconf 84' lang='lat' dir='ltr'><strong>dies</strong></span> <span class='ocrx_word' id='word_1_131' title='bbox 1198 1787 1428 1860; x_wconf 85' lang='lat' dir='ltr'><strong>exierat,</strong></span> <span class='ocrx_word' id='word_1_132' title='bbox 1458 1787 1829 1865; x_wconf 87' lang='lat' dir='ltr'><strong>poscendum,</strong></span> <span class='ocrx_word' id='word_1_133' title='bbox 1860 1797 1975 1859; x_wconf 88' lang='lat' dir='ltr'><strong>aut,</strong></span> <span class='ocrx_word' id='word_1_134' title='bbox 2008 1789 2056 1846; x_wconf 92' lang='lat' dir='ltr'><strong>si</strong></span> <span class='ocrx_word' id='word_1_135' title='bbox 2099 1789 2253 1848; x_wconf 90' lang='lat' dir='ltr'><strong>diem</strong></span> <span class='ocrx_word' id='word_1_136' title='bbox 2431 1857 2433 1878; x_wconf 53' lang='grc' dir='ltr'>Ι</span> 
     </span>
     <span class='ocr_line' id='line_1_17' title="bbox 318 1885 2366 1964; baseline 0 -19"><span class='ocrx_word' id='word_1_137' title='bbox 318 1888 575 1964; x_wconf 83' lang='lat' dir='ltr'><strong>proferre</strong></span> <span class='ocrx_word' id='word_1_138' title='bbox 609 1887 796 1958; x_wconf 86' lang='lat' dir='ltr'><strong>vellet,</strong></span> <span class='ocrx_word' id='word_1_139' title='bbox 830 1885 1059 1944; x_wconf 82' lang='lat' dir='ltr'><strong>obsides</strong></span> <span class='ocrx_word' id='word_1_140' title='bbox 1090 1885 1471 1962; x_wconf 68' lang='lat' dir='ltr'><strong>accipiendoa</strong></span> <span class='ocrx_word' id='word_1_141' title='bbox 1555 1885 1742 1957; x_wconf 85' lang='lat' dir='ltr'><strong>Adeo,</strong></span> <span class='ocrx_word' id='word_1_142' title='bbox 1773 1886 1882 1943; x_wconf 85' lang='lat' dir='ltr'><strong>etsi</strong></span> <span class='ocrx_word' id='word_1_143' title='bbox 1918 1885 2134 1944; x_wconf 91' lang='lat' dir='ltr'><strong>bellum</strong></span> <span class='ocrx_word' id='word_1_144' title='bbox 2173 1888 2258 1944; x_wconf 88' lang='lat' dir='ltr'><strong>in·</strong></span> <span class='ocrx_word' id='word_1_145' title='bbox 2283 1895 2366 1946; x_wconf 88' lang='lat'><strong>15</strong></span> 
     </span>
     <span class='ocr_line' id='line_1_18' title="bbox 320 1976 2435 2063; baseline -0 -19"><span class='ocrx_word' id='word_1_146' title='bbox 320 2004 461 2063; x_wconf 82' lang='lat' dir='ltr'><strong>gens</strong></span> <span class='ocrx_word' id='word_1_147' title='bbox 502 1985 563 2042; x_wconf 91' lang='lat' dir='ltr'><strong>in</strong></span> <span class='ocrx_word' id='word_1_148' title='bbox 608 1984 923 2043; x_wconf 86' lang='lat' dir='ltr'><strong>cervicibus</strong></span> <span class='ocrx_word' id='word_1_149' title='bbox 968 1989 1103 2054; x_wconf 88' lang='lat' dir='ltr'><strong>erat,</strong></span> <span class='ocrx_word' id='word_1_150' title='bbox 1132 1982 1347 2040; x_wconf 89' lang='lat' dir='ltr'><strong>nullius</strong></span> <span class='ocrx_word' id='word_1_151' title='bbox 1392 2001 1632 2060; x_wconf 90' lang='lat' dir='ltr'><strong>usquam</strong></span> <span class='ocrx_word' id='word_1_152' title='bbox 1677 1989 1956 2041; x_wconf 82' lang='lat' dir='ltr'><strong>terrarum</strong></span> <span class='ocrx_word' id='word_1_153' title='bbox 2001 1985 2083 2042; x_wconf 87' lang='lat' dir='ltr'><strong>rei</strong></span> <span class='ocrx_word' id='word_1_154' title='bbox 2120 2004 2257 2044; x_wconf 87' lang='lat' dir='ltr'><strong>cura</strong></span> <span class='ocrx_word' id='word_1_155' title='bbox 2433 1976 2435 2022; x_wconf 62' lang='lat'>³</span> 
     </span>
     <span class='ocr_line' id='line_1_19' title="bbox 320 2079 2258 2159; baseline -0.001 -18"><span class='ocrx_word' id='word_1_156' title='bbox 320 2082 631 2154; x_wconf 76' lang='lat' dir='ltr'><strong>RomanOS,</strong></span> <span class='ocrx_word' id='word_1_157' title='bbox 662 2102 735 2140; x_wconf 89' lang='lat' dir='ltr'><strong>ne</strong></span> <span class='ocrx_word' id='word_1_158' title='bbox 768 2080 1085 2159; x_wconf 85' lang='lat' dir='ltr'><strong>longinqua</strong></span> <span class='ocrx_word' id='word_1_159' title='bbox 1118 2080 1369 2158; x_wconf 89' lang='lat' dir='ltr'><strong>quidem,</strong></span> <span class='ocrx_word' id='word_1_160' title='bbox 1401 2079 1729 2157; x_wconf 82' lang='lat' dir='ltr'><strong>effugiebat.</strong></span> <span class='ocrx_word' id='word_1_161' title='bbox 1815 2079 1884 2137; x_wconf 92' lang='lat' dir='ltr'><strong>In</strong></span> <span class='ocrx_word' id='word_1_162' title='bbox 1918 2081 2258 2158; x_wconf 83' lang='lat' dir='ltr'><strong>religionem</strong></span> 
     </span>
     <span class='ocr_line' id='line_1_20' title="bbox 320 2177 2259 2255; baseline 0 -19"><span class='ocrx_word' id='word_1_163' title='bbox 320 2180 495 2236; x_wconf 87' lang='lat' dir='ltr'><strong>etiam</strong></span> <span class='ocrx_word' id='word_1_164' title='bbox 530 2179 689 2237; x_wconf 90' lang='lat' dir='ltr'><strong>venit</strong></span> <span class='ocrx_word' id='word_1_165' title='bbox 724 2179 906 2237; x_wconf 79' lang='lat' dir='ltr'><strong>aedem</strong></span> <span class='ocrx_word' id='word_1_166' title='bbox 944 2177 1302 2248; x_wconf 62' lang='lat' dir='ltr'><strong>Concordiae,</strong></span> <span class='ocrx_word' id='word_1_167' title='bbox 1329 2195 1503 2255; x_wconf 85' lang='lat' dir='ltr'><strong>quam</strong></span> <span class='ocrx_word' id='word_1_168' title='bbox 1537 2195 1640 2254; x_wconf 89' lang='lat' dir='ltr'><strong>per</strong></span> <span class='ocrx_word' id='word_1_169' title='bbox 1673 2178 2015 2236; x_wconf 82' lang='lat' dir='ltr'><strong>seditionem</strong></span> <span class='ocrx_word' id='word_1_170' title='bbox 2049 2179 2259 2237; x_wconf 89' lang='lat' dir='ltr'><strong>milita-</strong></span> 
     </span>
     <span class='ocr_line' id='line_1_21' title="bbox 321 2273 2260 2352; baseline 0.001 -20"><span class='ocrx_word' id='word_1_171' title='bbox 321 2295 443 2333; x_wconf 91' lang='lat' dir='ltr'><strong>rem</strong></span> <span class='ocrx_word' id='word_1_172' title='bbox 470 2275 705 2334; x_wconf 87' lang='lat' dir='ltr'><strong>biennio</strong></span> <span class='ocrx_word' id='word_1_173' title='bbox 734 2282 868 2334; x_wconf 86' lang='lat' dir='ltr'><strong>ante</strong></span> <span class='ocrx_word' id='word_1_174' title='bbox 903 2274 964 2332; x_wconf 95' lang='lat' dir='ltr'><strong>L.</strong></span> <span class='ocrx_word' id='word_1_175' title='bbox 986 2274 1236 2333; x_wconf 85' lang='lat' dir='ltr'><strong>Manlius</strong></span> <span class='ocrx_word' id='word_1_176' title='bbox 1268 2281 1484 2352; x_wconf 85' lang='lat' dir='ltr'><strong>praetor</strong></span> <span class='ocrx_word' id='word_1_177' title='bbox 1515 2275 1576 2331; x_wconf 90' lang='lat' dir='ltr'><strong>in</strong></span> <span class='ocrx_word' id='word_1_178' title='bbox 1610 2273 1797 2332; x_wconf 83' lang='lat' dir='ltr'><strong>Gallia</strong></span> <span class='ocrx_word' id='word_1_179' title='bbox 1823 2276 2086 2348; x_wconf 87' lang='lat' dir='ltr'><strong>vovisset,</strong></span> <span class='ocrx_word' id='word_1_180' title='bbox 2111 2277 2260 2335; x_wconf 85' lang='lat' dir='ltr'><strong>loca-</strong></span> 
     </span>
     <span class='ocr_line' id='line_1_22' title="bbox 322 2371 2367 2448; baseline 0.003 -19"><span class='ocrx_word' id='word_1_181' title='bbox 322 2378 443 2430; x_wconf 85' lang='lat' dir='ltr'><strong>tam</strong></span> <span class='ocrx_word' id='word_1_182' title='bbox 471 2372 545 2428; x_wconf 89' lang='lat' dir='ltr'><strong>ad</strong></span> <span class='ocrx_word' id='word_1_183' title='bbox 578 2372 637 2430; x_wconf 85' lang='lat' dir='ltr'><strong>id</strong></span> <span class='ocrx_word' id='word_1_184' title='bbox 667 2379 897 2448; x_wconf 88' lang='lat' dir='ltr'><strong>tempus</strong></span> <span class='ocrx_word' id='word_1_185' title='bbox 930 2389 1048 2428; x_wconf 90' lang='lat' dir='ltr'><strong>non</strong></span> <span class='ocrx_word' id='word_1_186' title='bbox 1084 2391 1220 2430; x_wconf 84' lang='lat' dir='ltr'><strong>esse.</strong></span> <span class='ocrx_word' id='word_1_187' title='bbox 1307 2371 1511 2448; x_wconf 87' lang='lat' dir='ltr'><strong>Itaque</strong></span> <span class='ocrx_word' id='word_1_188' title='bbox 1545 2371 1834 2429; x_wconf 89' lang='lat' dir='ltr'><strong>duumviri</strong></span> <span class='ocrx_word' id='word_1_189' title='bbox 1867 2373 1942 2430; x_wconf 90' lang='lat' dir='ltr'><strong>ad</strong></span> <span class='ocrx_word' id='word_1_190' title='bbox 1975 2392 2102 2431; x_wconf 87' lang='lat' dir='ltr'><strong>eam</strong></span> <span class='ocrx_word' id='word_1_191' title='bbox 2136 2394 2259 2432; x_wconf 88' lang='lat' dir='ltr'><strong>rem</strong></span> <span class='ocrx_word' id='word_1_192' title='bbox 2281 2383 2367 2436; x_wconf 87' lang='lat'><strong>20</strong></span> 
     </span>
     <span class='ocr_line' id='line_1_23' title="bbox 322 2467 2260 2546; baseline 0.002 -20"><span class='ocrx_word' id='word_1_193' title='bbox 322 2469 497 2527; x_wconf 87' lang='lat' dir='ltr'><strong>creati</strong></span> <span class='ocrx_word' id='word_1_194' title='bbox 525 2487 559 2525; x_wconf 89' lang='lat' dir='ltr'><strong>a</strong></span> <span class='ocrx_word' id='word_1_195' title='bbox 585 2468 662 2526; x_wconf 91' lang='lat' dir='ltr'><strong>M.</strong></span> <span class='ocrx_word' id='word_1_196' title='bbox 688 2467 929 2526; x_wconf 90' lang='lat' dir='ltr'><strong>AEmilio</strong></span> <span class='ocrx_word' id='word_1_197' title='bbox 957 2474 1204 2545; x_wconf 86' lang='lat' dir='ltr'><strong>praetore</strong></span> <span class='ocrx_word' id='word_1_198' title='bbox 1233 2468 1406 2540; x_wconf 92' lang='lat' dir='ltr'><strong>urbis,</strong></span> <span class='ocrx_word' id='word_1_199' title='bbox 1427 2468 1492 2526; x_wconf 82' lang='lat' dir='ltr'><strong>C.</strong></span> <span class='ocrx_word' id='word_1_200' title='bbox 1514 2467 1736 2546; x_wconf 86' lang='lat' dir='ltr'><strong>Pupius</strong></span> <span class='ocrx_word' id='word_1_201' title='bbox 1765 2477 1823 2527; x_wconf 89' lang='lat' dir='ltr'><strong>et</strong></span> <span class='ocrx_word' id='word_1_202' title='bbox 1849 2468 2026 2528; x_wconf 85' lang='lat' dir='ltr'><strong>Kaeso</strong></span> <span class='ocrx_word' id='word_1_203' title='bbox 2049 2469 2260 2538; x_wconf 80' lang='lat' dir='ltr'><strong>Quinc-</strong></span> 
     </span>
     <span class='ocr_line' id='line_1_24' title="bbox 323 2565 1965 2625; baseline 0.001 -1"><span class='ocrx_word' id='word_1_204' title='bbox 323 2566 439 2624; x_wconf 89' lang='lat' dir='ltr'><strong>tius</strong></span> <span class='ocrx_word' id='word_1_205' title='bbox 468 2565 779 2623; x_wconf 84' lang='lat' dir='ltr'><strong>Flaminius</strong></span> <span class='ocrx_word' id='word_1_206' title='bbox 809 2566 995 2624; x_wconf 83' lang='lat' dir='ltr'><strong>aedem</strong></span> <span class='ocrx_word' id='word_1_207' title='bbox 1022 2565 1082 2622; x_wconf 88' lang='lat' dir='ltr'><strong>in</strong></span> <span class='ocrx_word' id='word_1_208' title='bbox 1112 2585 1238 2624; x_wconf 86' lang='lat' dir='ltr'><strong>arce</strong></span> <span class='ocrx_word' id='word_1_209' title='bbox 1267 2566 1592 2624; x_wconf 84' lang='lat' dir='ltr'><strong>faciendam</strong></span> <span class='ocrx_word' id='word_1_210' title='bbox 1622 2566 1965 2625; x_wconf 85' lang='lat' dir='ltr'><strong>locaverunt.</strong></span> 
     </span>
    </p>

    <p class='ocr_par' dir='ltr' id='par_1_4' title="bbox 322 2661 2360 3518">
     <span class='ocr_line' id='line_1_25' title="bbox 403 2661 2262 2740; baseline 0.002 -20"><span class='ocrx_word' id='word_1_211' title='bbox 403 2662 501 2720; x_wconf 94' lang='lat' dir='ltr'><strong>Ab</strong></span> <span class='ocrx_word' id='word_1_212' title='bbox 530 2661 732 2720; x_wconf 89' lang='lat' dir='ltr'><strong>eodem</strong></span> <span class='ocrx_word' id='word_1_213' title='bbox 762 2668 1025 2740; x_wconf 77' lang='lat' dir='ltr'><strong>praetore,</strong></span> <span class='ocrx_word' id='word_1_214' title='bbox 1050 2681 1120 2720; x_wconf 88' lang='lat' dir='ltr'><strong>ex</strong></span> <span class='ocrx_word' id='word_1_215' title='bbox 1154 2670 1384 2720; x_wconf 83' lang='lat' dir='ltr'><strong>senatus</strong></span> <span class='ocrx_word' id='word_1_216' title='bbox 1419 2662 1699 2734; x_wconf 86' lang='lat' dir='ltr'><strong>consulto,</strong></span> <span class='ocrx_word' id='word_1_217' title='bbox 1723 2663 1930 2721; x_wconf 73' lang='lat' dir='ltr'><strong>litterae</strong></span> <span class='ocrx_word' id='word_1_218' title='bbox 1959 2664 2032 2721; x_wconf 88' lang='lat' dir='ltr'><strong>ad</strong></span> <span class='ocrx_word' id='word_1_219' title='bbox 2061 2684 2262 2724; x_wconf 88' lang='lat' dir='ltr'><strong>consu-</strong></span> 
     </span>
     <span class='ocr_line' id='line_1_26' title="bbox 323 2759 2262 2832; baseline 0.003 -15"><span class='ocrx_word' id='word_1_220' title='bbox 323 2759 405 2818; x_wconf 88' lang='lat' dir='ltr'><strong>les</strong></span> <span class='ocrx_word' id='word_1_221' title='bbox 432 2760 639 2832; x_wconf 85' lang='lat' dir='ltr'><strong>missae,</strong></span> <span class='ocrx_word' id='word_1_222' title='bbox 664 2765 746 2831; x_wconf 92' lang='lat' dir='ltr'><strong>ut,</strong></span> <span class='ocrx_word' id='word_1_223' title='bbox 772 2759 819 2816; x_wconf 90' lang='lat' dir='ltr'><strong>si</strong></span> <span class='ocrx_word' id='word_1_224' title='bbox 848 2760 917 2817; x_wconf 89' lang='lat' dir='ltr'><strong>iis</strong></span> <span class='ocrx_word' id='word_1_225' title='bbox 946 2759 1250 2831; x_wconf 90' lang='lat' dir='ltr'><strong>videretur,</strong></span> <span class='ocrx_word' id='word_1_226' title='bbox 1273 2759 1414 2817; x_wconf 84' lang='lat' dir='ltr'><strong>alter</strong></span> <span class='ocrx_word' id='word_1_227' title='bbox 1447 2779 1646 2818; x_wconf 90' lang='lat' dir='ltr'><strong>eorum</strong></span> <span class='ocrx_word' id='word_1_228' title='bbox 1679 2761 1754 2818; x_wconf 89' lang='lat' dir='ltr'><strong>ad</strong></span> <span class='ocrx_word' id='word_1_229' title='bbox 1782 2761 2044 2819; x_wconf 82' lang='lat' dir='ltr'><strong>consules</strong></span> <span class='ocrx_word' id='word_1_230' title='bbox 2072 2781 2262 2822; x_wconf 88' lang='lat' dir='ltr'><strong>crean-</strong></span> 
     </span>
     <span class='ocr_line' id='line_1_27' title="bbox 324 2856 2360 2934; baseline 0.002 -18"><span class='ocrx_word' id='word_1_231' title='bbox 324 2857 431 2916; x_wconf 92' lang='lat' dir='ltr'><strong>dos</strong></span> <span class='ocrx_word' id='word_1_232' title='bbox 447 2857 693 2916; x_wconf 85' lang='lat' dir='ltr'><strong>Romam</strong></span> <span class='ocrx_word' id='word_1_233' title='bbox 708 2857 959 2915; x_wconf 85' lang='lat' dir='ltr'><strong>veniret:</strong></span> <span class='ocrx_word' id='word_1_234' title='bbox 996 2875 1054 2915; x_wconf 90' lang='lat' dir='ltr'><strong>se</strong></span> <span class='ocrx_word' id='word_1_235' title='bbox 1076 2857 1136 2912; x_wconf 89' lang='lat' dir='ltr'><strong>in</strong></span> <span class='ocrx_word' id='word_1_236' title='bbox 1159 2874 1286 2914; x_wconf 87' lang='lat' dir='ltr'><strong>eam</strong></span> <span class='ocrx_word' id='word_1_237' title='bbox 1305 2856 1476 2927; x_wconf 89' lang='lat' dir='ltr'><strong>diem,</strong></span> <span class='ocrx_word' id='word_1_238' title='bbox 1496 2876 1666 2933; x_wconf 85' lang='lat' dir='ltr'><strong>quam</strong></span> <span class='ocrx_word' id='word_1_239' title='bbox 1690 2857 2005 2934; x_wconf 83' lang='lat' dir='ltr'><strong>jussissent,</strong></span> <span class='ocrx_word' id='word_1_240' title='bbox 2023 2861 2262 2918; x_wconf 87' lang='lat' dir='ltr'><strong>comitia</strong></span> <span class='ocrx_word' id='word_1_241' title='bbox 2279 2870 2360 2922; x_wconf 79' lang='lat'><strong>25</strong></span> 
     </span>
     <span class='ocr_line' id='line_1_28' title="bbox 323 2952 2258 3030; baseline 0 -15"><span class='ocrx_word' id='word_1_242' title='bbox 323 2956 662 3016; x_wconf 82' lang='lat' dir='ltr'><strong>edicturum.</strong></span> <span class='ocrx_word' id='word_1_243' title='bbox 739 2953 838 3011; x_wconf 92' lang='lat' dir='ltr'><strong>Ad</strong></span> <span class='ocrx_word' id='word_1_244' title='bbox 866 2953 991 3012; x_wconf 86' lang='lat' dir='ltr'><strong>haec</strong></span> <span class='ocrx_word' id='word_1_245' title='bbox 1021 2952 1350 3011; x_wconf 90' lang='lat' dir='ltr'><strong>consulibus</strong></span> <span class='ocrx_word' id='word_1_246' title='bbox 1378 2954 1735 3030; x_wconf 82' lang='lat' dir='ltr'><strong>rescriptum,</strong></span> <span class='ocrx_word' id='word_1_247' title='bbox 1761 2955 1882 3012; x_wconf 91' lang='lat' dir='ltr'><strong>sine</strong></span> <span class='ocrx_word' id='word_1_248' title='bbox 1909 2955 2258 3015; x_wconf 86' lang='lat' dir='ltr'><strong>detrimento</strong></span> 
     </span>
     <span class='ocr_line' id='line_1_29' title="bbox 322 3049 2261 3132; baseline -0.001 -19"><span class='ocrx_word' id='word_1_249' title='bbox 322 3055 405 3113; x_wconf 84' lang='lat' dir='ltr'><strong>rei</strong></span> <span class='ocrx_word' id='word_1_250' title='bbox 432 3054 681 3132; x_wconf 78' lang='lat' dir='ltr'><strong>publicae</strong></span> <span class='ocrx_word' id='word_1_251' title='bbox 710 3051 938 3110; x_wconf 85' lang='lat' dir='ltr'><strong>abscedi</strong></span> <span class='ocrx_word' id='word_1_252' title='bbox 973 3070 1091 3108; x_wconf 90' lang='lat' dir='ltr'><strong>non</strong></span> <span class='ocrx_word' id='word_1_253' title='bbox 1118 3069 1287 3126; x_wconf 87' lang='lat' dir='ltr'><strong>posse</strong></span> <span class='ocrx_word' id='word_1_254' title='bbox 1321 3049 1393 3107; x_wconf 87' lang='lat' dir='ltr'><strong>ab</strong></span> <span class='ocrx_word' id='word_1_255' title='bbox 1422 3049 1588 3108; x_wconf 88' lang='lat' dir='ltr'><strong>hoste</strong></span> <span class='ocrx_word' id='word_1_256' title='bbox 1612 3068 1625 3108; x_wconf 90' lang='lat'>:</span> <span class='ocrx_word' id='word_1_257' title='bbox 1670 3051 1864 3130; x_wconf 86' lang='lat' dir='ltr'><strong>itaque</strong></span> <span class='ocrx_word' id='word_1_258' title='bbox 1891 3070 1996 3129; x_wconf 88' lang='lat' dir='ltr'><strong>per</strong></span> <span class='ocrx_word' id='word_1_259' title='bbox 2028 3053 2261 3112; x_wconf 87' lang='lat' dir='ltr'><strong>interre-</strong></span> 
     </span>
     <span class='ocr_line' id='line_1_30' title="bbox 322 3147 2258 3228; baseline 0 -18"><span class='ocrx_word' id='word_1_260' title='bbox 322 3171 455 3228; x_wconf 86' lang='lat' dir='ltr'><strong>gem</strong></span> <span class='ocrx_word' id='word_1_261' title='bbox 490 3150 727 3210; x_wconf 86' lang='lat' dir='ltr'><strong>comitia</strong></span> <span class='ocrx_word' id='word_1_262' title='bbox 758 3147 1023 3206; x_wconf 85' lang='lat' dir='ltr'><strong>habenda</strong></span> <span class='ocrx_word' id='word_1_263' title='bbox 1056 3167 1175 3204; x_wconf 89' lang='lat' dir='ltr'><strong>esse</strong></span> <span class='ocrx_word' id='word_1_264' title='bbox 1208 3147 1404 3224; x_wconf 85' lang='lat' dir='ltr'><strong>potius</strong></span> <span class='ocrx_word' id='word_1_265' title='bbox 1439 3166 1610 3225; x_wconf 90' lang='lat' dir='ltr'><strong>quam</strong></span> <span class='ocrx_word' id='word_1_266' title='bbox 1639 3148 1838 3206; x_wconf 90' lang='lat' dir='ltr'><strong>consul</strong></span> <span class='ocrx_word' id='word_1_267' title='bbox 1873 3149 2015 3207; x_wconf 88' lang='lat' dir='ltr'><strong>alter</strong></span> <span class='ocrx_word' id='word_1_268' title='bbox 2041 3168 2076 3206; x_wconf 85' lang='lat' dir='ltr'><strong>a</strong></span> <span class='ocrx_word' id='word_1_269' title='bbox 2108 3150 2258 3210; x_wconf 89' lang='lat' dir='ltr'><strong>bello</strong></span> 
     </span>
     <span class='ocr_line' id='line_1_31' title="bbox 323 3244 2260 3306; baseline 0.002 -2"><span class='ocrx_word' id='word_1_270' title='bbox 323 3255 669 3306; x_wconf 86' lang='lat' dir='ltr'><strong>avocaretur.</strong></span> <span class='ocrx_word' id='word_1_271' title='bbox 754 3244 1025 3304; x_wconf 89' lang='lat' dir='ltr'><strong>Patribus</strong></span> <span class='ocrx_word' id='word_1_272' title='bbox 1064 3244 1275 3302; x_wconf 87' lang='lat' dir='ltr'><strong>rectius</strong></span> <span class='ocrx_word' id='word_1_273' title='bbox 1315 3244 1502 3301; x_wconf 85' lang='lat' dir='ltr'><strong>visum</strong></span> <span class='ocrx_word' id='word_1_274' title='bbox 1545 3251 1633 3303; x_wconf 84' lang='lat' dir='ltr'><strong>est</strong></span> <span class='ocrx_word' id='word_1_275' title='bbox 1669 3245 2012 3304; x_wconf 84' lang='lat' dir='ltr'><strong>dictatorem</strong></span> <span class='ocrx_word' id='word_1_276' title='bbox 2053 3266 2088 3304; x_wconf 88' lang='lat' dir='ltr'><strong>a</strong></span> <span class='ocrx_word' id='word_1_277' title='bbox 2127 3267 2260 3306; x_wconf 88' lang='lat' dir='ltr'><strong>con-</strong></span> 
     </span>
     <span class='ocr_line' id='line_1_32' title="bbox 325 3341 2350 3408; baseline 0.006 -13"><span class='ocrx_word' id='word_1_278' title='bbox 325 3343 443 3397; x_wconf 80' lang='lat' dir='ltr'><strong>sule</strong></span> <span class='ocrx_word' id='word_1_279' title='bbox 473 3344 588 3399; x_wconf 87' lang='lat' dir='ltr'><strong>dici</strong></span> <span class='ocrx_word' id='word_1_280' title='bbox 610 3342 977 3400; x_wconf 89' lang='lat' dir='ltr'><strong>comitiorum</strong></span> <span class='ocrx_word' id='word_1_281' title='bbox 1005 3341 1402 3399; x_wconf 86' lang='lat' dir='ltr'><strong>habendorum</strong></span> <span class='ocrx_word' id='word_1_282' title='bbox 1432 3360 1632 3399; x_wconf 85' lang='lat' dir='ltr'><strong>causa:</strong></span> <span class='ocrx_word' id='word_1_283' title='bbox 1676 3342 1866 3400; x_wconf 90' lang='lat' dir='ltr'><strong>dictus</strong></span> <span class='ocrx_word' id='word_1_284' title='bbox 1894 3342 1954 3400; x_wconf 91' lang='lat' dir='ltr'><strong>L.</strong></span> <span class='ocrx_word' id='word_1_285' title='bbox 1982 3344 2259 3404; x_wconf 80' lang='lat' dir='ltr'><strong>Veturius</strong></span> <span class='ocrx_word' id='word_1_286' title='bbox 2277 3356 2350 3408; x_wconf 88' lang='grc'><strong>30</strong></span> 
     </span>
     <span class='ocr_line' id='line_1_33' title="bbox 326 3435 2254 3518; baseline 0.006 -29"><span class='ocrx_word' id='word_1_287' title='bbox 326 3435 495 3489; x_wconf 75' lang='lat' dir='ltr'><strong>Philo</strong></span> <span class='ocrx_word' id='word_1_288' title='bbox 526 3437 620 3492; x_wconf 91' lang='grc' dir='ltr'><strong>Μ’.</strong></span> <span class='ocrx_word' id='word_1_289' title='bbox 646 3438 1039 3513; x_wconf 91' lang='lat' dir='ltr'><strong>Pomponium</strong></span> <span class='ocrx_word' id='word_1_290' title='bbox 1068 3437 1404 3495; x_wconf 89' lang='lat' dir='ltr'><strong>Mathonem</strong></span> <span class='ocrx_word' id='word_1_291' title='bbox 1431 3438 1772 3515; x_wconf 88' lang='lat' dir='ltr'><strong>magistrum</strong></span> <span class='ocrx_word' id='word_1_292' title='bbox 1801 3441 2062 3518; x_wconf 89' lang='lat' dir='ltr'><strong>equitum</strong></span> <span class='ocrx_word' id='word_1_293' title='bbox 2091 3441 2254 3503; x_wconf 82' lang='lat' dir='ltr'><strong>dixit.</strong></span> 
     </span>
    </p>
   </div>
   <div class='ocr_carea' id='block_1_4' title="bbox 246 3526 2258 3705">
    <p class='ocr_par' dir='ltr' id='par_1_5' title="bbox 246 3526 2258 3705">
     <span class='ocr_line' id='line_1_34' title="bbox 246 3526 2258 3616; baseline 0.011 -38"><span class='ocrx_word' id='word_1_294' title='bbox 246 3595 255 3607; x_wconf 79' lang='lat'><strong>.</strong></span> <span class='ocrx_word' id='word_1_295' title='bbox 326 3526 405 3580; x_wconf 84' lang='lat' dir='ltr'><strong>Iis</strong></span> <span class='ocrx_word' id='word_1_296' title='bbox 450 3527 588 3582; x_wconf 84' lang='lat' dir='ltr'><strong>vitio</strong></span> <span class='ocrx_word' id='word_1_297' title='bbox 631 3532 832 3587; x_wconf 84' lang='lat' dir='ltr'><strong>creatis</strong></span> <span class='ocrx_word' id='word_1_298' title='bbox 864 3532 1149 3610; x_wconf 87' lang='lat' dir='ltr'><strong>jussisque</strong></span> <span class='ocrx_word' id='word_1_299' title='bbox 1181 3532 1277 3590; x_wconf 92' lang='lat' dir='ltr'><strong>die</strong></span> <span class='ocrx_word' id='word_1_300' title='bbox 1312 3540 1516 3609; x_wconf 86' lang='lat' dir='ltr'><strong>quarto</strong></span> <span class='ocrx_word' id='word_1_301' title='bbox 1551 3535 1778 3594; x_wconf 88' lang='lat' dir='ltr'><strong>decimo</strong></span> <span class='ocrx_word' id='word_1_302' title='bbox 1821 3555 1881 3595; x_wconf 87' lang='lat' dir='ltr'><strong>se</strong></span> <span class='ocrx_word' id='word_1_303' title='bbox 1913 3538 2258 3616; x_wconf 81' lang='lat' dir='ltr'><strong>magistratu</strong></span> 
     </span>
     <span class='ocr_line' id='line_1_35' title="bbox 326 3617 1450 3705; baseline 0.013 -33"><span class='ocrx_word' id='word_1_304' title='bbox 326 3617 605 3690; x_wconf 84' lang='lat' dir='ltr'><strong>abdicare,</strong></span> <span class='ocrx_word' id='word_1_305' title='bbox 628 3641 717 3678; x_wconf 84' lang='lat' dir='ltr'><strong>res</strong></span> <span class='ocrx_word' id='word_1_306' title='bbox 744 3625 819 3680; x_wconf 86' lang='lat' dir='ltr'><strong>ad</strong></span> <span class='ocrx_word' id='word_1_307' title='bbox 845 3627 1236 3705; x_wconf 89' lang='lat' dir='ltr'><strong>interregnum</strong></span> <span class='ocrx_word' id='word_1_308' title='bbox 1264 3628 1450 3687; x_wconf 84' lang='lat' dir='ltr'><strong>rediit.</strong></span> 
     </span>
    </p>
   </div>
  </div>
 </body>
</html>
