2459 3967
325 217 453 282 250
1160 233 1276 272 *nn
1318 232 1446 272 uvi
1837 207 1845 215 ’
1879 207 2028 286 [Lm.
2053 211 2263 271 XXII,

326 377 471 436 Inde
510 376 631 454 jam
676 375 875 453 praeda
913 374 1105 452 gravis
1144 374 1221 432 ad
1263 373 1684 451 Longunticam
1735 373 1998 450 pervenit
2047 371 2265 445 classis,

326 473 425 532 ubi
466 475 554 531 vis
598 492 809 550 magna
851 471 1031 549 sparti
1073 471 1148 529 ad
1188 491 1310 529 rem
1351 471 1643 528 nauticam
1685 477 1960 548 congesta
1999 470 2074 527 ab
2117 469 2269 528 Has-

326 571 575 630 drubale.
660 569 830 640 Quod
874 570 1013 626 satis
1053 570 1116 626 in
1155 587 1327 626 usum
1365 568 1482 626 fuit
1523 567 1767 639 sublat0,
1791 573 2046 626 ceterum
2089 586 2268 625 omne

325 669 621 727 incensum
666 674 769 726 est.
869 667 991 724 Nec
1036 666 1388 725 continentis
1430 664 1608 722 modo
1651 671 1942 742 praevecta
1983 671 2072 722 est
2116 683 2266 736 orae,

326 765 427 824 sed
455 767 516 823 in
544 765 803 823 Ebusum
836 763 1083 822 insulam
1116 763 1530 821 transmissum.
1617 761 1708 819 Ibi
1741 760 1898 833 urbe,
1925 780 2054 840 quae
2089 769 2270 840 caput
2291 767 2366 819 20

324 862 529 921 insulae
562 869 667 934 est,
696 861 940 920 biduum
980 860 1372 938 nequidquam
1415 877 1643 917 summo
1676 859 1870 917 labore
1905 867 2266 936 oppugnata,

326 959 429 1018 ubi
461 961 524 1017 in
562 978 723 1037 spem
756 959 977 1016 irritam
1010 957 1224 1014 frustra
1257 957 1366 1015 teri
1399 962 1630 1034 tempus
1661 956 2122 1015 animadversum
2159 963 2268 1029 e'st,

328 1057 403 1115 ad
423 1057 857 1135 populationem
886 1055 1010 1132 agri
1030 1055 1193 1126 versi,
1215 1054 1458 1131 direptis
1479 1054 1700 1132 aliquot
1720 1054 2081 1132 incensisque
2103 1055 2270 1127 viciS‚

328 1153 547 1230 majore
589 1172 761 1230 quam
794 1171 864 1210 ex
898 1151 1219 1210 continenti
1260 1151 1460 1229 praeda
1497 1157 1678 1228 parta,
1709 1169 1842 1208 cum
1884 1151 1944 1208 in
1988 1170 2166 1209 naves
2209 1172 2272 1210 se

328 1251 691 1326 recepissent,
722 1269 791 1308 ex
824 1248 1161 1307 Balearibus
1196 1249 1399 1306 insulis
1436 1247 1613 1326 legati
1647 1267 1850 1326 pacem
1888 1254 2156 1325 petentes
2193 1251 2272 1308 ad
2291 1257 2368 1307 25

330 1345 661 1423 Scipionem
704 1352 997 1404 venerunt.
1080 1345 1225 1404 Inde
1267 1345 1415 1404 flexa
1453 1351 1608 1404 retro
1651 1345 1861 1418 classis,
1895 1344 2273 1424 reditumque
2439 1335 2441 1340 ’

328 1443 389 1502 in
418 1443 683 1502 citeriora
712 1442 1041 1520 provinciae,
1067 1461 1183 1522 quo
1212 1444 1473 1501 omnium
1505 1443 1872 1521 populorum,
1897 1444 1998 1521 qui
2031 1443 2271 1502 Iberum

328 1538 610 1612 accolunt,
635 1538 949 1598 multorum
980 1546 1040 1598 et
1064 1540 1288 1598 ultimae
1311 1539 1612 1619 Hispaniae
1634 1539 1810 1617 legati
1833 1549 2266 1601 concurrerunt.

330 1636 447 1696 Sed
480 1638 580 1715 qui
612 1657 743 1696 vere
775 1635 1023 1696 dicionis
1054 1637 1398 1714 imperiique
1431 1637 1682 1695 Romani
1715 1637 1858 1696 facti
1892 1637 2026 1710 sint,
2051 1637 2272 1698 obsidi-

328 1737 437 1795 bus
478 1737 645 1809 datis,
676 1735 881 1815 populi
921 1736 1169 1814 amplius
1210 1737 1450 1794 fuerunt
1489 1743 1722 1795 centum
1764 1734 1988 1815 viginti.
2075 1737 2272 1816 Igitur
2291 1743 2363 1796 30

328 1834 691 1893 terrestribus
734 1853 963 1913 quoque
1004 1833 1188 1911 copiis
1230 1833 1370 1891 satis
1409 1832 1596 1892 fidens
1628 1833 1924 1892 Romanus
1963 1855 2150 1914 usque
2191 1837 2271 1895 ad

314 1932 540 1994 saltum
574 1930 1047 1990 Castulonensem
1084 1936 1170 1988 est
1200 1949 1554 2008 progressus,
1638 1931 1967 1992 Hasdrubal
2003 1932 2066 1991 in
2105 1931 2270 1992 Lusi-

330 2030 548 2088 taniam
575 2048 641 2087 ac
668 2029 908 2108 propius
934 2027 1232 2088 Oceanum
1261 2028 1558 2088 concessit.

1208 2203 1378 2264 XXI.

380 2367 425 2408 H
439 2378 467 2409 a
480 2377 502 2408 a
514 2367 543 2408 d
556 2367 661 2409 rub
675 2367 732 2410 a,
854 2317 1128 2388 Quietum
1156 2319 1296 2378 inde
1316 2321 1442 2379 fore
1465 2319 1766 2380 videbatur
1791 2321 2074 2401 reliquum
2105 2331 2270 2383 aesta-

326 2434 371 2476 is
394 2434 593 2486 brought
614 2434 733 2476 back
774 2415 851 2472 tis
897 2421 1145 2492 tempus,
1180 2416 1500 2494 fuissetque
1547 2435 1651 2493 per
1698 2417 1947 2476 Poenum
1996 2419 2225 2478 hostem
2250 2439 2266 2479 ε
2437 2386 2439 2454 l

330 2501 392 2552 by
416 2501 495 2542 ⁸¹10
522 2500 733 2542 tr⁰¹¹b¹2d
774 2511 893 2581 sed,
933 2517 1318 2589 praeterquam
1361 2513 1518 2590 quod
1567 2515 1825 2592 ipsorum
1867 2515 2266 2593 Hispanorum

330 2569 449 2609 state
492 2567 546 2608 of
577 2567 731 2608 affairs
776 2607 787 2619 ,

329 2633 583 2685 amougms
601 2633 731 2674 ames
772 2607 1031 2683 mquieta
1070 2609 1348 2687 avidaque
1393 2611 1451 2666 in
1495 2629 1672 2668 novas
1713 2629 1802 2669 res
1843 2618 1978 2669 sunt
2014 2613 2264 2691 ingenia,
2437 2581 2440 2644 l

329 2711 409 2809 3310
421 2699 733 2810 tili-2832&
770 2702 1117 2762 Mandonius
1162 2705 1568 2784 Indebilisque,
1603 2707 1701 2785 qui
1747 2715 1914 2766 antea
1951 2708 2264 2787 Ilergetum
2323 2718 2362 2770 5
2437 2689 2439 2710 Ι

328 2833 453 2876 The
498 2833 731 2885 Celtiberi,
774 2800 1007 2877 regulus
1038 2801 1243 2874 fuerat,
1268 2809 1578 2881 postquam
1613 2804 1860 2863 Romani
1896 2804 1967 2862 ab
2002 2806 2152 2864 saltu
2184 2827 2267 2865 re-

328 2901 502 2954 being
536 2902 733 2944 aroused
774 2916 989 2956 cessere
1022 2899 1098 2956 ad
1123 2899 1473 2957 maritimam
1511 2919 1687 2972 oram,
1709 2901 1951 2959 concitis
1978 2903 2268 2981 populari-

326 2969 731 3090 gozzecsispaffi
771 2994 895 3064 buS,
918 2995 980 3051 in
1016 3013 1217 3072 agrum
1251 3002 1516 3072 pacatum
1554 2997 1837 3055 sociorum
1868 2997 2264 3057 Romanorum

327 3105 437 3162 take
471 3115 535 3155 up
570 3114 730 3146 arms
771 3091 845 3148 ad
878 3091 1274 3169 populandum
1316 3100 1608 3151 venerunt.
1692 3093 1988 3151 Adversus
2027 3113 2128 3152 eos
2167 3096 2267 3152 tri-

325 3171 430 3288 ·gffi
443 3171 634 3289 ‘¹322
647 3172 730 3280 32
771 3186 959 3245 bunus
992 3187 1247 3256 militum
1280 3206 1412 3245 cum
1447 3189 1730 3266 expeditis
1763 3190 1988 3248 auxiliis
2024 3209 2058 3247 a
2085 3190 2265 3269 Scipi·
2285 3197 2360 3250 10

328 3308 349 3344 t
365 3315 391 3344 ο
410 3315 433 3344 r
449 3304 501 3344 ri
519 3309 538 3345 t
556 3315 731 3356 ory,-
770 3301 881 3340 one
909 3282 1071 3340 missi
1099 3283 1211 3342 levi
1240 3285 1565 3356 certamine,
1591 3293 1658 3343 ut
1685 3285 2120 3344 tumultuariam
2147 3307 2265 3345 ma—

328 3368 731 3476 ἓῖθέᾱῗῗιθζξῗῒξέ
770 3397 928 3450 num,
948 3379 1151 3438 fudere
1180 3398 1418 3451 omnes3
1455 3381 1657 3439 occisis
1687 3379 2031 3458 quibusdam
2059 3384 2266 3460 captis-

328 3499 424 3535 two
436 3496 602 3538 battles
618 3501 728 3542 Μαι
772 3491 881 3548 que
910 3493 1234 3552 magnaque
1261 3481 1423 3550 parte
1452 3477 1624 3533 armis
1653 3483 1839 3536 exuta.
1922 3477 2040 3536 Hic
2068 3485 2261 3537 tamen

329 3559 611 3664 {gissam
630 3575 728 3607 ⁸1¹0-
769 3567 1053 3626 tumultus
1082 3570 1379 3628 cedentem
1411 3571 1485 3628 ad
1513 3571 1808 3630 Oceanum
1837 3573 2260 3632 Hasdrubalem

768 3658 851 3714 cis
870 3659 1101 3720 Iberum
1130 3665 1205 3722 ad
1226 3665 1412 3724 socios
1433 3667 1708 3725 tutandos
1736 3667 1986 3727 retraxit.
2059 3668 2261 3728 Castra
2281 3677 2352 3730 15

331 3739 554 3800 Punica
598 3742 661 3802 in
709 3766 847 3825 agro
896 3753 1436 3834 Lergavonensium,
1471 3769 1656 3821 eastra
1702 3762 1968 3822 Romana
2017 3765 2095 3823 ad
2144 3765 2260 3825 No-
