2459 3967
201 196 644 276 CAP.XXX1.]
779 217 856 254 An
901 216 1056 255 URBE
1103 215 1365 254 comum
1409 214 1584 253 L1131t1.
2019 197 2144 259 125

201 361 375 418 reddi
417 379 632 437 passus,
665 357 866 416 defixis
903 358 1037 435 pilis
1073 364 1223 415 stare
1262 376 1395 417 suos
1426 355 1628 433 jussit3
1669 356 1773 414 ubi
1805 357 1879 415 ad
1911 376 2147 415 manum
2168 367 2241 419 35

201 458 466 515 venisset
489 456 686 527 hostis,
707 463 834 513 tum
863 465 1092 513 coortos
1121 462 1247 511 tota
1268 454 1325 509 vi
1352 453 1559 531 gladiis
1587 473 1707 511 rem
1736 474 1947 531 gerere.
2009 454 2148 514 Vol-

201 555 310 626 sci,
343 572 512 611 cursu
547 560 606 609 et
639 552 886 611 clamore
927 551 1083 624 fessi,
1115 570 1249 609 cum
1291 570 1351 609 se
1392 550 1549 608 velut
1589 551 1955 628 stupentibus
1987 558 2147 609 metu

199 651 546 709 intulissent
573 646 865 721 Romanis,
890 655 1197 727 postquam
1226 647 1661 723 impressionem
1696 667 1917 706 sensere
1951 668 2020 707 ex
2054 649 2149 707 ad—

202 768 378 806 verso
399 747 632 817 factam,
652 754 710 804 et
731 754 864 803 ante
895 744 1090 803 oculos
1117 744 1327 801 micare
1348 743 1588 821 gladios,
1606 744 1764 802 haud
1784 763 1945 803 secus
1973 764 2147 823 quam

201 845 259 903 si
288 845 353 901 in
380 843 620 901 insidias
648 842 998 914 incidissent,
1022 841 1240 899 turbati
1267 847 1499 899 vertunt
1526 847 1718 919 terga3
1763 848 1823 899 et
1854 861 1925 899 ne
1958 842 2033 899 ad
2059 843 2149 901 fu·
2166 853 2243 907 40

200 962 349 1021 gam
380 941 614 1019 quidem
644 940 782 998 satis
807 940 1017 997 virium
1045 939 1177 1011 fuit,
1201 939 1339 1017 quia
1366 956 1533 996 cursu
1560 938 1621 995 in
1650 938 1918 1015 proelium
1947 939 2144 999 ierant.

203 1038 467 1097 Romani
495 1044 709 1109 contra,
731 1036 868 1115 quia
886 1036 1172 1114 principio
1193 1054 1407 1116 pugna}
1436 1034 1621 1113 quieti
1647 1041 1937 1108 steterant,
1957 1036 2150 1113 vigen-

203 1147 302 1195 tes
325 1134 678 1213 corporibus,
697 1134 866 1205 facile
893 1134 1089 1211 adepti
1109 1133 1311 1206 fessos,
1331 1139 1390 1191 et
1411 1138 1595 1191 castra
1613 1133 1835 1211 impetu
1854 1140 2145 1211 ceperunt,

204 1242 291 1306 et,
311 1232 512 1292 castris
539 1238 775 1304 exutum
795 1231 1024 1289 hostem
1041 1230 1295 1289 Velitras
1321 1230 1621 1308 persecuti,
1642 1249 1759 1287 uno
1787 1230 2017 1307 agmine
2037 1232 2151 1289 vic-

205 1340 372 1389 tores
405 1349 538 1387 cum
571 1328 737 1387 victis
769 1328 831 1386 in
867 1327 1070 1387 urbem
1103 1327 1389 1404 irrupere:
1430 1326 1673 1405 plusque
1713 1327 1795 1384 ibi
1835 1328 2144 1405 sanguiniS‚
2167 1339 2243 1392 45

185 1427 546 1505 -promiscua
587 1425 846 1483 omnium
893 1442 1168 1503 generum
1211 1423 1387 1495 caede,
1430 1442 1601 1499 quam
1646 1424 1707 1481 in
1751 1424 1877 1502 ipsa
1918 1424 2151 1483 dimica-

203 1526 376 1583 tione
403 1525 642 1583 factum.
712 1521 920 1581 Paucis
947 1522 1083 1579 data
1103 1521 1285 1594 venia,
1306 1521 1405 1599 qui
1432 1520 1677 1579 inermes
1704 1522 1766 1579 in
1795 1521 2145 1582 deditionem

208 1626 510 1681 venerunt.
2018 1617 2028 1626 ’

1063 1717 1293 1777 XXXI.

190 1853 198 1857 ·
267 1846 436 1889 Dereat
465 1845 518 1887 or
543 1846 622 1887 the
743 1833 903 1891 Dum
939 1832 1066 1890 haec
1099 1833 1161 1890 in
1189 1832 1420 1892 Volscis
1454 1840 1745 1910 geruntur,
1773 1832 2021 1892 dictator
2052 1832 2149 1891 Sa-

189 1912 504 2030 ⁵23¹}oessss
523 1912 622 2021 ξιξ
665 1929 846 2001 binos
879 1929 980 1987 ubi
1009 1929 1181 2006 longe
1208 1929 1519 2007 plurimum
1551 1928 1688 1987 belli
1723 1927 1927 2001 fuerat,
1952 1929 2150 1987 fundit

192 2047 624 2089 ’reatem-The
663 2027 943 2104 fugatque
971 2026 1244 2104 exuitque
1279 2026 1491 2083 castris.
1577 2024 1856 2103 Equitatu
1888 2025 2147 2084 immisso

207 2114 438 2223 {3⁸⁸⁰}
455 2125 530 2224 (ἕο
546 2115 620 2157 ¹²¹³
661 2124 912 2182 mediam
955 2124 1284 2182 turbaverat
1316 2124 1574 2192 hostium
1618 2124 1815 2196 aciem,
1848 2142 1975 2201 qua,
2007 2123 2147 2181 dum

208 2193 378 2302 {ringis
390 2262 453 2303 up
464 2193 622 2293 103ssss
664 2240 722 2279 se
757 2240 972 2279 cornua
1003 2221 1176 2279 latius
1209 2221 1489 2300 pandunt,
1522 2240 1725 2300 parum
1768 2227 1903 2299 apte
1944 2221 2149 2279 intror-
2207 2232 2243 2284 5

207 2319 294 2359 the
337 2318 502 2361 senate
540 2320 620 2360 the
662 2336 789 2374 sum
817 2317 1143 2375 ordinibus
1201 2318 1382 2375 aciem
1432 2318 1829 2391 firmaverant3
1886 2318 2149 2376 turbatos

207 2384 619 2503 ξᾷξῐῗζὲοῃᾱζξῐ]
658 2414 833 2491 pedes
860 2414 1082 2471 invasit.
1154 2413 1379 2472 Eodem
1408 2414 1631 2492 impetu
1658 2422 1842 2473 castra
1868 2421 2035 2493 capta
2056 2414 2149 2472 de-

207 2529 303 2560 ors·
324 2543 376 2551 -
393 2519 478 2561 His
523 2529 619 2560 mo-
658 2510 1045 2587 bellatumque
1084 2517 1184 2568 est.
1270 2510 1415 2568 Post
1455 2530 1709 2589 pugnam
1748 2512 1822 2569 ad
1859 2511 2149 2589 Regillum

209 2586 623 2705 ῗῗθὶἰθζξζῗξὲι
663 2605 851 2663 lacum
888 2626 1005 2663 non
1044 2606 1154 2663 alia
1195 2607 1309 2664 illis
1342 2608 1505 2665 annis
1542 2627 1739 2685 pugna
1776 2608 1979 2665 clarior
2015 2608 2146 2665 fuit.

208 2730 538 2771 consequence,
551 2721 628 2761 the
669 2700 936 2760 Dictator
960 2703 1323 2781 triumphans
1350 2702 1551 2761 urbem
1579 2704 1880 2762 invehitur.
1966 2702 2151 2780 Super
2170 2709 2247 2763 10

200 2785 530 2838 ¹¹¹⁰t⁸t⁰¹⁸⁸¹¹¹1²
667 2798 868 2858 solitos
893 2799 1143 2857 honores
1174 2800 1335 2857 locus
1368 2799 1429 2855 in
1464 2800 1613 2858 circo
1648 2800 1761 2876 ipsi
1792 2800 2149 2877 posterisque

212 2894 289 2951 ad
319 2895 703 2971 spectaculum
735 2895 937 2968 datus3
982 2895 1118 2953 sella
1144 2896 1206 2953 in
1236 2915 1304 2953 eo
1333 2894 1463 2951 loco
1492 2895 1703 2952 curulis
1730 2896 1933 2973 posita.
2010 2895 2150 2953 Vol-

215 2991 324 3048 scis
359 2990 602 3049 devictis
636 2991 968 3051 Veliternus
1011 3012 1146 3070 ager
1185 2991 1524 3067 ademptus3
1569 2989 1820 3049 Velitras
1854 2989 2045 3048 coloni
2076 2990 2149 3047 ab

214 3087 354 3146 urbe
383 3087 544 3145 missi
573 3095 632 3146 et
660 3088 888 3147 colonia
915 3088 1176 3147 deducta.
1266 3087 1415 3146 Cum
1446 3088 1655 3165 AEquis
1687 3093 1822 3164 post
1856 3086 2149 3162 aliquanto

215 3192 537 3263 pugnatum
567 3192 669 3258 est,
699 3186 884 3244 invito
915 3186 1144 3265 quidem
1178 3172 1428 3259 consule,
1460 3185 1595 3263 quia
1626 3184 1755 3242 loco
1788 3182 1989 3259 iniquo
2024 3181 2151 3239 sub·
2173 3194 2245 3245 15

215 3282 469 3340 eundum
499 3274 620 3340 erat
648 3283 723 3340 ad
741 3283 965 3341 hostes:
1011 3282 1110 3341 sed
1131 3284 1345 3341 milites
1373 3283 1594 3342 extrahi
1614 3301 1736 3340 rem
1764 3280 2147 3352 criminantes,

214 3386 281 3436 ut
302 3378 567 3451 dictator,
591 3380 925 3458 priusquam
953 3380 1066 3457 ipsi
1093 3380 1347 3438 redirent
1374 3380 1434 3437 in
1456 3379 1674 3451 urbem,
1697 3379 2035 3457 magistratu
2057 3376 2153 3437 ab·

213 3476 340 3547 iret,
369 3476 660 3555 irritaque,
699 3478 846 3535 sicut
887 3484 1020 3534 ante
1065 3476 1332 3549 consuliS,
1372 3478 1655 3555 promissa
1696 3476 1822 3554 ejus
1864 3476 2149 3546 caderent,

214 3568 529 3651 perpulere,
559 3580 627 3632 ut
654 3575 806 3631 forte
834 3580 1047 3632 temere
1081 3574 1141 3629 in
1177 3573 1443 3631 adversos
1474 3580 1704 3631 montes
1738 3591 1943 3650 agmen
1978 3571 2155 3646 erige-

215 3678 316 3730 ret.
403 3671 474 3729 Id
499 3671 1050 3729 male'commissum
1078 3668 1309 3746 ignavia
1334 3668 1591 3727 hostium
1618 3670 1679 3725 in
1701 3668 1919 3726 bonum
1942 3665 2114 3722 vertit
2136 3683 2150 3735 3
2172 3676 2248 3727 20

214 3767 331 3845 qui,
362 3760 697 3845 priusquam
727 3766 801 3823 ad
828 3763 1154 3842 conjectum
1183 3763 1285 3821 teli
1312 3764 1615 3835 veniretur,
1646 3758 2033 3836 obstupefacti
2060 3776 2155 3813 au·
2276 3824 2421 3911 Δ
