2459 3967
219 198 640 278 CAP.XXIX.]
766 219 843 256 AB
886 218 1042 259 URBE
1088 216 1351 258 counrrA
1394 218 1570 258 unm.
2019 195 2146 258 259

220 363 485 424 stendum
514 361 652 420 satis
681 351 911 433 sciebat,
936 359 1286 418 contrahere.
1371 361 1532 439 Ager
1559 363 1747 420 omnis
1774 361 1999 420 medius
2027 365 2148 418 erat

219 462 405 540 prima
451 461 639 538 specie
687 458 911 516 inutilis
951 458 1291 530 insidiatori,
1329 460 1464 536 quia
1507 479 1624 518 non
1668 462 1846 519 modo
1895 459 2147 518 silvestre
2172 461 2243 516 15

221 557 535 636 quidquam
561 555 664 614 sed
692 574 764 612 ne
786 553 1053 632 vepribus
1077 553 1310 631 quidem
1333 556 1603 613 vestitum
1624 556 1900 615 habebat:
1936 575 1996 614 re
2025 556 2151 633 ipsa

219 662 387 714 natus
416 654 683 732 tegendis
724 652 948 711 insidiis
990 671 1059 710 eo
1100 652 1302 728 magiS,
1335 653 1490 730 quod
1523 653 1585 711 in
1623 654 1779 712 nuda
1809 654 1954 713 valle
1995 654 2153 712 nulla

218 753 347 812 talis
391 753 551 810 fraus
594 750 786 809 timeri
834 755 1076 828 poterat.
1161 749 1241 807 Et
1285 756 1446 808 erant
1490 750 1552 808 in
1597 751 1950 810 anfractibus
1995 771 2150 809 cavae

219 870 405 928 rupee,
434 857 501 908 ut
534 848 801 927 quaedam
842 866 1035 906 earum
1070 846 1324 905 ducenos
1366 855 1616 906 armatos
1655 855 1891 926 possent
1931 868 2147 925 capere.

220 951 289 1008 In
316 950 420 1007 has
445 948 706 1020 latebras,
725 953 869 1026 quot
896 961 1183 1024 quemque
1209 946 1402 1004 locum
1431 954 1564 1025 apte
1591 949 1837 1007 insidere
1865 954 2148 1025 poterant,
2172 950 2247 1002 20

220 1048 473 1126 quinque
504 1045 665 1104 milia
691 1044 1019 1104 conduntur
1048 1043 1311 1122 peditum
1345 1045 1732 1124 equitumque.
1816 1045 2040 1104 Necubi
2073 1051 2154 1104 ta-

220 1164 353 1202 men
394 1150 494 1201 aut
540 1149 735 1202 motus
775 1141 1017 1219 alicujus
1065 1149 1281 1200 temere
1329 1143 1540 1220 egressi
1583 1150 1682 1201 aut
1729 1143 1925 1221 fulgor
1971 1163 2156 1202 armo·

218 1261 349 1300 rum
388 1240 653 1299 fraudem
693 1240 756 1299 in
799 1239 943 1298 valle
980 1246 1103 1298 tam
1143 1245 1342 1317 aperta
1382 1240 1692 1318 detegeret,
1722 1241 1913 1298 missis
1953 1241 2153 1318 paucis

218 1339 407 1417 prima
448 1338 573 1396 luce
622 1337 696 1394 ad
744 1335 1087 1414 capiendum
1138 1357 1310 1415 quem
1365 1344 1497 1395 ante
1546 1338 1797 1396 diximus
1843 1338 2149 1411 tumulum,

219 1437 425 1494 avertit
454 1434 649 1493 oeulos
675 1434 950 1492 hostium.
1027 1435 1227 1493 Primo
1257 1436 1452 1493 statim
1482 1444 1791 1514 conspeetu
1821 1443 2154 1514 contempta
2171 1439 2248 1494 25

215 1533 493 1611 paucitaS,
524 1551 589 1590 ac
638 1531 749 1590 sibi
795 1533 1035 1610 quisque
1078 1532 1388 1610 deposcere
1434 1533 1732 1611 pellendos
1779 1534 1914 1592 inde
1958 1534 2154 1592 hostes

216 1651 285 1689 ac
324 1630 517 1688 locum
566 1629 927 1707 capiendum.
1010 1629 1148 1687 Dux
1191 1611 1316 1708 ipse
1364 1630 1515 1688 inter
1563 1630 1964 1689 stolidissimos
2005 1631 2154 1688 fero·

216 1728 593 1804 cissimosque
625 1726 700 1784 ad
732 1745 890 1784 arma
921 1734 1105 1799 vocat,
1136 1733 1195 1784 et
1226 1728 1389 1786 vanis
1429 1729 1636 1786 animis
1677 1734 1736 1785 et
1767 1727 1940 1785 minis
1977 1727 2154 1785 incre-

214 1832 321 1903 pat
352 1824 598 1883 hostem.
684 1823 983 1901 Principio
1016 1823 1201 1882 levem
1236 1832 1579 1883 armaturam
1617 1824 1899 1897 dimittit3
1944 1824 2152 1882 deinde

216 1922 483 1980 conferto
539 1921 769 1998 agmine
816 1921 1001 1979 mittit
1050 1922 1309 1999 equites3
1366 1928 1674 1999 postrem0‚
1713 1941 1844 1980 cum
1888 1921 2154 1979 hostibus
2173 1925 2248 1977 30

217 2037 449 2096 quoque
478 2017 733 2076 subsidia
759 2018 917 2076 mitti
944 2018 1179 2090 videret,
1196 2018 1491 2077 instructis
1519 2018 1843 2096 legionibus
1871 2017 2150 2097 procedit.

215 2115 298 2173 Et
346 2114 657 2186 Hannibal,
698 2113 1091 2172 laborantibus
1141 2115 1258 2172 suis
1307 2116 1419 2175 alia
1473 2122 1644 2194 atque
1699 2116 1826 2189 alia,
1867 2123 2154 2175 crescente

215 2211 547 2283 certamine,
571 2211 812 2269 mittens
845 2211 1055 2270 auxilia
1086 2212 1350 2290 peditum
1387 2214 1760 2292 equitumque
1792 2213 1912 2291 jam
1939 2213 2153 2292 justam

215 2309 547 2387 expleverat
572 2308 771 2380 aciem,
796 2328 861 2366 ac
888 2308 1031 2367 totis
1057 2309 1348 2387 utrimque
1379 2310 1592 2369 viribus
1619 2318 1880 2370 certatur.
1958 2310 2156 2368 Prima

214 2407 361 2466 levis
410 2413 697 2464 armatura
744 2405 1155 2480 Romanorum,
1191 2416 1658 2486 praeoccupatum
1707 2410 1977 2468 inferiore
2024 2409 2153 2468 loco
2175 2414 2248 2466 35

216 2504 531 2562 succedens
576 2503 881 2574 tumulum,
922 2503 1089 2581 pulsa
1136 2505 1482 2582 detrusaque
1529 2513 1804 2565 terrorem
1859 2508 1920 2564 in
1969 2525 2156 2564 succe-

215 2602 455 2662 dentem
518 2601 717 2659 intulit
778 2601 1051 2678 equitem,
1069 2661 1075 2669 ,
1096 2609 1156 2661 et
1209 2603 1285 2661 ad
1339 2603 1504 2681 signa
1561 2604 1854 2682 legionum
1918 2603 2152 2682 refugit.

214 2699 495 2758 Peditum
539 2698 689 2756 acies
730 2697 883 2757 inter
922 2699 1212 2776 perculsos
1254 2700 1546 2778 impavida
1595 2702 1716 2759 sola
1761 2710 1899 2775 erat,
1931 2702 2158 2760 videba-

214 2804 447 2874 turque,
480 2795 528 2852 si
559 2793 715 2872 justa
755 2814 821 2854 ac
862 2795 911 2853 si
952 2804 1107 2855 recta
1138 2817 1336 2876 pugna
1376 2804 1540 2870 esset,
1570 2799 2011 2877 haudquaquam
2054 2801 2159 2854 im-

214 2912 325 2971 par
352 2893 586 2950 futura:
630 2899 859 2950 tantum
888 2893 1211 2952 animorum
1240 2895 1456 2954 fecerat
1482 2913 1752 2971 prospere
1784 2902 1918 2952 ante
1944 2913 2158 2971 paucos
2177 2897 2252 2951 40

216 2989 347 3046 dies
380 3006 469 3045 res
496 2994 675 3064 gesta.
761 2987 877 3046 Sed
910 2990 1094 3048 exorti
1127 2997 1362 3068 repente
1395 2990 1758 3047 insidiatores
1791 3008 1922 3046 eum
1951 2987 2161 3046 tumul-

214 3092 351 3144 tum
384 3092 773 3163 terroremque
813 3086 876 3144 in
916 3085 1095 3145 latera
1126 3088 1415 3165 utrimque
1453 3086 1524 3144 ab
1557 3093 1835 3164 tergoque
1876 3086 2162 3144 incursan-

214 3189 311 3241 tes
352 3182 632 3254 feeerunt,
668 3189 735 3241 ut
774 3202 880 3242 nec
922 3184 1147 3242 animus
1191 3184 1267 3242 ad
1313 3203 1570 3263 pugnam
1617 3201 1804 3261 neque
1845 3182 1920 3240 ad
1959 3181 2162 3260 fugam

218 3299 357 3359 spes
395 3279 667 3358 cuiquam
704 3287 1037 3358 superesset.

988 3533 993 3536 Ι
1079 3456 1311 3518 xxix.

272 3575 451 3618 Fabius
481 3585 634 3618 comes
754 3571 905 3629 Tum
948 3571 1173 3644 Fabius,
1198 3573 1386 3649 primo
1421 3572 1665 3630 clamore
1704 3577 2037 3651 paventium
2071 3591 2165 3628 au-

214 3644 381 3752 {⁰032
395 3643 549 3760 {⁸2⁰5ss
560 3643 634 3750 ’ἐξ
676 3667 819 3739 dito,
850 3667 982 3725 dein
1019 3674 1328 3744 conspecta
1357 3667 1560 3744 procul
1597 3669 1827 3727 turbata
1857 3669 1993 3739 acie,
2021 3667 2054 3694 “
2074 3666 2164 3721 Ita

222 3777 345 3820 with
357 3777 439 3819 the
450 3775 633 3828 portion
675 3762 817 3835 est,”
852 3763 1077 3839 inquit:
1123 3762 1158 3788 “
1173 3781 1292 3820 non
1341 3763 1576 3821 celerius
1624 3783 1798 3839 quam
1845 3761 2016 3821 timui
2071 3759 2164 3813 de-
