2459 3967
261 156 345 219 32
1081 177 1198 217 rm
1239 176 1365 217 Lm
1972 154 2125 235 [Lm.
2152 159 2197 219 L

261 338 390 376 cum
433 319 608 397 globo
649 320 924 396 juvenum
959 312 1089 393 (nec
1131 319 1286 377 enim
1326 325 1447 377 erat
1486 318 1563 376 ad
1596 326 1852 397 apertam
1886 320 2005 377 vim
2046 318 2197 397 par),

261 417 361 474 sed
395 416 520 473 aliis
560 416 672 473 alio
705 416 907 475 itinere
939 416 1112 494 jussis
1151 422 1309 473 certo
1341 422 1603 494 tempore
1644 416 1719 475 ad
1752 416 1968 494 regiam
2002 418 2201 475 venire

259 514 602 592 pastoribus,
633 514 708 571 ad
739 532 932 591 regem
965 514 1253 591 impetum
1284 512 1460 585 facit3
1502 521 1563 572 et
1594 532 1629 571 a
1661 514 1837 572 domo
1870 514 2201 573 Numitoris
2220 522 2301 573 30

260 610 371 668 alia
417 617 746 689 comparata
791 630 967 669 manu
1015 610 1252 688 adjuvat
1290 608 1539 669 Remus:
1589 612 1675 669 ita
1718 630 1913 689 regem
1962 611 2201 670 obtrun⁴

260 714 408 767 cant.

1173 788 1281 849 VI.

308 948 382 989 An
432 948 660 1001 assembly
793 902 1068 961 Numitor
1093 903 1245 961 inter
1269 902 1523 980 primum
1544 902 1861 989 tumultum
1886 902 2085 963 hostes
2110 904 2199 961 in-

260 1017 312 1058 or
361 1018 439 1059 the
493 1016 659 1069 people
710 1001 918 1059 vasisse
947 998 1147 1057 urbem
1181 1006 1353 1077 atque
1387 998 1621 1057 adortos
1653 1000 1869 1077 regiam
1900 998 2193 1072 dictitans,

259 1084 659 1193 ξὲῗᾞᾶίὲῷῗθζῐῖζ
709 1116 839 1155 cum
882 1097 1096 1174 pubem
1137 1096 1425 1154 Albanam
1467 1096 1527 1153 in
1570 1114 1754 1153 arcem
1796 1096 2069 1173 praesidio
2110 1116 2199 1155 ar-

261 1218 385 1259 them
411 1220 490 1259 the
513 1218 661 1259 whole
713 1194 936 1270 misque
981 1192 1357 1251 obtinendam
1406 1200 1712 1265 avocasset,
1748 1199 2058 1271 postquam
2106 1193 2198 1271 J'u-

257 1285 550 1326 amun—The
561 1296 666 1338 peo-
716 1310 888 1348 venes
933 1297 1263 1369 pcrpetrata
1302 1289 1459 1348 caede
1498 1308 1735 1367 pergere
1777 1289 1852 1347 ad
1892 1309 1952 1347 se
1999 1286 2197 1367 gratu—
2256 1298 2299 1351 5

259 1353 333 1461 {¹:1³
341 1364 436 1472 εἷο
448 1354 565 1461 {312³
577 1354 664 1462 walg
713 1386 896 1445 lantes
935 1387 1098 1460 vidit,
1130 1385 1419 1463 extemplo
1462 1386 1741 1445 advocato
1783 1386 2045 1460 concili0,
2076 1408 2196 1447 sce-

257 1488 292 1529 k
311 1488 326 1563 ξ
345 1500 373 1527 n
393 1498 437 1540 s·
477 1512 528 1521 -
574 1488 618 1529 Η
635 1498 662 1529 0
713 1484 802 1543 lus
829 1485 890 1541 in
919 1504 978 1543 se
1007 1484 1216 1558 fratriS,
1250 1483 1530 1561 originem
1563 1488 1859 1560 nepotum,
1890 1488 1959 1539 ut
1985 1484 2191 1559 geniti,

256 1556 660 1665 Ϊιξὲζὲῗυὲὲὶᾞ
711 1589 777 1640 ut
811 1582 1054 1653 educati,
1079 1588 1147 1639 ut
1179 1580 1401 1659 cogniti
1434 1584 1639 1653 essent,
1664 1579 1882 1637 caedem
1916 1578 2194 1659 deinceps

258 1688 430 1731 Remus
485 1691 660 1733 resolve
710 1678 942 1754 tyranni
990 1696 1164 1755 seque
1207 1676 1335 1754 ejus
1380 1682 1673 1735 auctorem
1722 1676 1991 1736 ostendit.
2088 1678 2127 1737 J
2129 1698 2194 1735 u-

258 1758 476 1866 {otround
503 1770 530 1799 ⁸
555 1770 660 1801 new
709 1794 896 1847 venes
927 1794 1031 1852 per
1060 1774 1315 1835 mediam
1348 1774 1679 1833 contionem
1712 1774 1943 1852 agmine
1974 1774 2191 1853 ingres—
2214 1784 2295 1837 10

321 1838 350 1877 y
371 1838 428 1868 on
453 1828 531 1868 the
554 1831 659 1880 spot

257 1892 408 1936 where
435 1896 543 1947 they
568 1896 660 1938 had
711 1874 774 1947 si,
823 1892 954 1955 cum
1005 1892 1174 1931 avum
1227 1890 1423 1950 regem
1472 1872 1828 1944 salutassent,
1874 1879 2071 1943 secuta
2116 1893 2191 1933 ex

256 1959 660 2081 ξξῗὶτοξέξῖῖῑᾱ
713 1974 872 2031 omni
911 1971 1287 2033 multitudine
1327 1970 1689 2029 consentiens
1722 1989 1833 2028 vox
1867 1977 2056 2031 ratum
2088 1990 2192 2031 no-

710 2090 844 2129 men
873 2070 1295 2148 imperiumque
1322 2068 1444 2146 regi
1478 2068 1685 2127 effecit.

339 2166 430 2224 Ita
466 2166 760 2225 Numitori
794 2166 1021 2224 Albana
1059 2186 1120 2224 re
1159 2166 1437 2243 permissa
1474 2162 1787 2236 Romulum
1826 2134 2191 2243 Remumque

259 2262 471 2340 cupido
513 2264 668 2340 cepit
698 2263 760 2319 in
794 2264 866 2319 iis
897 2262 1054 2334 locis,
1085 2262 1186 2320 ubi
1219 2261 1466 2339 expositi
1498 2261 1713 2340 ubique
1748 2262 1975 2320 educati
2008 2255 2185 2336 erant,
2213 2270 2293 2323 15

258 2360 416 2417 urbis
448 2359 780 2417 condendae.
865 2358 942 2416 Et
976 2364 1266 2436 supererat
1298 2357 1613 2417 multitudo
1646 2358 2003 2417 Albanorum
2039 2359 2192 2418 Lati-

258 2476 594 2534 norumque.
679 2454 779 2514 Ad
810 2454 873 2513 id
905 2463 1162 2533 pastores
1196 2475 1425 2533 quoque
1458 2462 1822 2529 accesserant,
1855 2458 1955 2534 qui
1984 2476 2190 2515 omnes

259 2554 426 2612 facile
455 2572 614 2632 spem
649 2552 904 2611 facerent
935 2570 1168 2629 parvam
1201 2552 1431 2622 Albam,
1461 2572 1697 2630 parvum
1732 2552 2033 2610 Lavinium
2066 2565 2189 2630 prae

259 2671 325 2709 ea
355 2652 512 2728 urbe,
546 2670 674 2728 quae
713 2650 1065 2721 conderetur,
1097 2649 1238 2707 fore.
1325 2648 1641 2708 Intervenit
1674 2649 1881 2707 deinde
1912 2650 2005 2707 his
2038 2650 2192 2728 cogi·-

258 2748 589 2820 tationibus,
619 2748 838 2805 avitum
870 2746 1104 2819 malum,
1134 2746 1297 2825 regni
1330 2746 1559 2823 cupid0‚
1592 2752 1762 2824 atque
1794 2746 1929 2804 inde
1963 2748 2187 2806 foedum
2210 2756 2293 2808 20

259 2854 544 2903 certamen
573 2852 834 2903 coortum
870 2864 904 2901 a
936 2844 1074 2902 satis
1105 2843 1237 2901 miti
1270 2844 1571 2921 principio.
1656 2843 1943 2911 Quoniam
1971 2844 2188 2922 gemini

258 2950 460 3016 essent,
485 2962 589 3001 nec
623 2941 809 3001 aetatis
837 2940 1176 2999 verecundia
1202 2940 1508 2999 discrimen
1540 2939 1727 2998 facere
1758 2949 1969 3017 posset,
1992 2949 2061 3000 ut
2087 2943 2185 3015 dii,

259 3062 502 3119 quorum
535 3040 732 3099 tutelae
771 3058 838 3097 ea
868 3038 996 3097 loca
1027 3044 1232 3109 essent,
1264 3038 1515 3114 auguriis
1547 3036 1817 3115 legerent,
1844 3038 1943 3116 qui
1975 3058 2189 3098 nomen

257 3162 421 3199 novae
471 3138 601 3199 urbi
644 3140 820 3212 daret,
858 3140 957 3217 qui
1001 3137 1295 3195 conditam
1339 3136 1583 3214 imperio
1626 3144 1863 3213 regeret,
1900 3137 2190 3212 Palatium

257 3230 554 3311 Romulus,
583 3238 800 3296 Remus
844 3235 1214 3305 Aventinum,
1246 3234 1321 3292 ad
1352 3232 1811 3311 inaugurandum
1849 3233 2067 3315 templa
2102 3255 2191 3295 ca·
2209 3246 2289 3299 25

256 3337 440 3414 piunt.

2432 330 2445 489 Δ»-

2443 1824 2444 1833 ᾼ
2434 1544 2445 1798 .-ᾴᾼ-.-

2438 3654 2445 3763 Ι
